% This file was created with JabRef 2.8.1.
% Encoding: MacRoman

@STRING{ACM = {ACM}}

@STRING{Addison-Wesley = {Addison-Wesley Publishing Co.}}

@STRING{AMS = {American Mathematical Society (AMS)}}

@STRING{APPROX = {Workshop on Approximation Algorithms for Combinatorial Optimization
	Problems (APPROX)}}
	
@STRING{CDC = {{Proceedings of the IEEE Conference on Decision and Control (CDC)}}}

@STRING{ESA = {European Symposium on Algorithms (ESA)}}

@STRING{FOCS = {Proceedings of the Symposium on Foundations of Computer Science (FOCS)}}

@STRING{ICALP   = {Proceedings of the International Colloquium on Automata, Languages and Programming (ICALP)}}

@STRING{ISSAC   = {Proceedings of the International Symposium on Symbolic and Algebraic Computation (ISSAC)}}
	
@STRING{INFOCOM = {Proceedings of the International Conference on Computer Communications (INFOCOM)} }

@STRiNG{IPSN    = {Proceedings of the Symposium on Information Processing in Sensor Networks (IPSN)}}

@STRING{ICML    = {International Conference on Machine Learning (ICML)}}

@STRING{ISVC = {Proceedings of the Symposium on Advances in Visual Computing (ISVC)}}

@STRING{JACM = {Journal of the ACM}}

@STRING{JCSS = {Journal of Computer and System Sciences}}

@STRING{JMLR = {Journal of Machine Learning Research}}

@STRING{LATIN = {Latin American Symposium on Theoretical Informatics (LATIN)}}

@STRING{McGraw-Hill = {McGraw-Hill Book Co.}}

@STRING{NIPS = {Neural Information Processing Systems (NIPS)}}

@STRING{PNAS = {Proceedings of the National Academy of Sciences}}

@STRING{PODS = {Proceedings of the Symposium on Principles of Database Systems (PODS)}}

@STRING{PODC = {Proceedings of the Symposium on Principles of Distributed Computing	(PODC)}}

@STRING{RANDOM = {Proceedings of the International Workshop on Randomization and Approximation
	Techniques (RANDOM)}}

@STRING{SIAM = {Society for Industrial and Applied Mathematics}}

@STRING{SIAMJC = {SIAM Journal on Computing}}

@STRING{SICOMP = {SIAM J. Comput.}}

@STRING{SIGART = {ACM SIGART Newsletter}}

@STRING{SIGCSE = {ACM SIGCSE Bulletin}}

@STRING{SIGMOD = {Proceedings of the ACM SIGMOD International Conference on Management
	of Data (SIGMOD)}}

@STRING{SIGOPS = {ACM SIGOPS Operating Systems Review}}

@STRING{SIGPLAN = {ACM SIGPLAN Notices}}

@STRING{SIMATRIX = {SIAM J. Matrix Anal. Appl.}}

@STRING{SOCG = {Proceedings of the ACM Symposium on Computational Geometry (SoCG)}}

@STRING{SODA = {Proceedings of the ACM-SIAM Symposium on Discrete Algorithms (SODA)}}

@STRING{STOC = {Proceedings of the Symposium on Theory of Computing (STOC)}}

@STRING{VLDB = {Proceedings of the International Conference on Very Large Databases
	(VLDB)}}

@INPROCEEDINGS{Boutsidis2009a,
  author = {C. Boutsidis and M. W. Mahoney and P. Drineas},
  title = {{An Improved Approximation Algorithm for the Column Subset Selection
	Problem}},
  booktitle = SODA,
  year = {2009},
  pages = {968-977},
  bibsource = {DBLP, http://dblp.uni-trier.de},
  crossref = {DBLP:conf/soda/2009},
  ee = {http://doi.acm.org/10.1145/1496770.1496875}
}

@INPROCEEDINGS{Boutsidis2009b,
  author = {C. Boutsidis and M. W. Mahoney and P. Drineas},
  title = {{An Improved Approximation Algorithm for the Column Subset Selection
	Problem}},
  booktitle = SODA,
  year = {2009},
  pages = {968-977},
  bibsource = {DBLP, http://dblp.uni-trier.de},
  crossref = {DBLP:conf/soda/2009},
  ee = {http://doi.acm.org/10.1145/1496770.1496875}
}

@ARTICLE{Asp09,
  author = {A.~W.~d'Aspremont},
  title = "{Subsampling Algorithms for Semidefinite Programming}",
  journal = {Stochastic Systems},
  year = {2011},
  volume = {1},
  pages = {274--305},
  number = {2}
}

@ARTICLE{Ach03,
  author = {D. Achlioptas},
  title = "{Database-friendly Random Projections: Johnson-Lindenstrauss with
	binary coins}",
  journal = {Journal of Computer and System Sciences},
  year = {2003},
  volume = {66},
  pages = {671-687},
  number = {4}
}

@INPROCEEDINGS{jl-coin,
  author = {D. Achlioptas},
  title = {Database-friendly Random Projections},
  booktitle = PODS,
  year = {2001},
  pages = {274--281},
  doi = {http://doi.acm.org/10.1145/375551.375608},
  isbn = {1-58113-361-8},
  location = {Santa Barbara, California, United States}
}


@ARTICLE{matrix:sparsification:optas,
  author = {D. Achlioptas and F. Mcsherry},
  title = {{Fast Computation of Low-rank Matrix Approximations}},
  journal = SICOMP,
  year = {2007},
  volume = {54},
  pages = {9},
  number = {2},
  doi = {http://doi.acm.org/10.1145/1219092.1219097},
  issn = {0004-5411},
  publisher = {ACM}
}

@INPROCEEDINGS{Achlioptas2001,
  author = {D. Achlioptas and F. McSherry},
  title = {{Fast Computation of Low Rank Matrix Approximations}},
  booktitle = STOC,
  year = {2001},
  pages = {611--618}
}

@INPROCEEDINGS{matrix:sparsification:AM01,
  author = {D. Achlioptas and F. McSherry},
  title = {{Fast Computation of Low Rank Matrix Approximations}},
  booktitle = STOC,
  year = {2001},
  pages = {611--618}
}

@ARTICLE{Ahlswede2002,
  author = {R. Ahlswede and A. Winter},
  title = {{Strong Converse for Identification via Quantum Channels}},
  journal = {IEEE Transactions on Information Theory},
  year = {2002},
  volume = {48},
  pages = {569-579},
  number = {3},
  bibsource = {DBLP, http://dblp.uni-trier.de}
}

@ARTICLE{Ahlswede2002a,
  author = {R. Ahlswede and A. Winter},
  title = {{Strong Converse for Identification via Quantum Channels}},
  journal = {IEEE Transactions on Information Theory},
  year = {2002},
  volume = {48},
  pages = {569-579},
  number = {3},
  bibsource = {DBLP, http://dblp.uni-trier.de}
}

@ARTICLE{chernoff:matrix_valued:AW,
  author = {R. Ahlswede and A. Winter},
  title = {{Strong Converse for Identification via Quantum Channels}},
  journal = {IEEE Transactions on Information Theory},
  year = {2002},
  volume = {48},
  pages = {569-579},
  number = {3},
  bibsource = {DBLP, http://dblp.uni-trier.de}
}


@INPROCEEDINGS{FJlT,
  author = {N. Ailon and B. Chazelle},
  title = "{Approximate Nearest Neighbors and the Fast Johnson-Lindenstrauss Transform}",
  booktitle = STOC,
  year = {2006},
  pages = {557--563},
  publisher = ACM,
  doi = {http://doi.acm.org/10.1145/1132516.1132597},
  isbn = {1-59593-134-1},
}

@MISC{JL:SODA2011_almost_opt,
  author = {N. Ailon and E. Liberty},
  title = {{Almost Optimal Unrestricted Fast Johnson-Lindenstrauss Transform}},
  howpublished = {Available at~\href{http://arxiv.org/abs/1005.5513}{arxiv:1005.5513}},
  month = {May},
  year = {2010},
  archiveprefix = {arXiv},
  eprint = {1005.5513}
}

@ARTICLE{AL09,
  author = {Ailon, N. and Liberty, E.},
  title = "{Fast Dimension Reduction using Rademacher Series on Dual BCH
	Codes}",
  journal = {Discrete and Computational Geometry},
  year = {2009},
  volume = {42},
  pages = {615--630},
  number = {4},
  publisher = {Springer}
}


@ARTICLE{allan,
  author = {D. W. Allan},
  title = {Time and Frequency (Time-Domain) Characterization, Estimation, and
	Prediction of Precision Clocks and Oscillators},
  journal = {IEEE Transactions on Ultrasonics, Ferroelectrics, and Frequency Control},
  year = {1987},
  volume = {34},
  pages = {647--654},
  month = {Nov.}
}

@ARTICLE{ADHP09,
  author = {Aloise, D. and Deshpande, A. and Hansen, P. and Popat, P.},
  title = {{NP-hardness of Euclidean sum-of-squares Clustering}},
  journal = {Machine Learning},
  year = {2009},
  volume = {75},
  pages = {245--248},
  number = {2},
  publisher = {Springer}
}

@ARTICLE{jl-lower,
  author = {N. Alon},
  title = {{Problems and results in extremal combinatorics, I}},
  journal = {Discrete Math.},
  year = {2003},
  pages = {31--53},
  number = {273},
  optnote = {Lower bound on Johnson Lindenstrauss lemma {\O}mega(\epsilon^{-2}{\l}og
	n 1/{\l}og(1/\epsilon))}
}

@ARTICLE{Alon1994,
  author = {Alon, N. and Roichman, Y.},
  title = {{Random Cayley Graphs and Expanders}},
  journal = {Random Struct. Algorithms},
  year = {1994},
  volume = {5},
  pages = {271--284},
  acmid = {1943681},
  doi = {http://dx.doi.org/10.1002/rsa.3240050203},
  issn = {1042-9832},
  issue = {2},
  numpages = {14},
  publisher = {John Wiley \& Sons, Inc.}
}

@ARTICLE{expander:AlonRoichman:orig,
  author = {Alon, N. and Roichman, Y.},
  title = {{Random Cayley Graphs and Expanders}},
  journal = {Random Struct. Algorithms},
  year = {1994},
  volume = {5},
  pages = {271--284},
  month = {April},
  acmid = {1943681},
  doi = {http://dx.doi.org/10.1002/rsa.3240050203},
  issn = {1042-9832},
  issue = {2},
  issue_date = {April 1994},
  numpages = {14},
  publisher = {John Wiley \& Sons, Inc.},
  url = {http://dx.doi.org/10.1002/rsa.3240050203}
}

@BOOK{Alon1992,
  title = {{The Probabilistic Method}},
  publisher = {John Wiley},
  year = {1992},
  author = {N. Alon and J. Spencer},
  bibsource = {DBLP, http://dblp.uni-trier.de},
  isbn = {0-471-53588-5}
}

@BOOK{book:probmeth:AlonSpencer,
  title = {{The Probabilistic Method}},
  publisher = {John Wiley},
  year = {1992},
  author = {N. Alon and J. Spencer},
  bibsource = {DBLP, http://dblp.uni-trier.de},
  isbn = {0-471-53588-5}
}

@INPROCEEDINGS{AHK05,
  author = {S.~Arora and E.~Hazan and S.~Kale},
  title = {{A Fast Random Sampling Algorithm for Sparsifying Matrices}},
  booktitle = RANDOM,
  year = {2006},
  pages = {272--279},
  ee = {http://dx.doi.org/10.1007/11830924\_26}
}


@INPROCEEDINGS{matrix:sparsification:arora,
  author = {S. Arora and E. Hazan and S. Kale},
  title = {{A Fast Random Sampling Algorithm for Sparsifying Matrices}},
  booktitle = RANDOM,
  year = {2006},
  pages = {272--279},
  ee = {http://dx.doi.org/10.1007/11830924\_26}
}


@INPROCEEDINGS{fast_SDP:AHK05,
  author = {S.~Arora and E.~Hazan and S.~Kale},
  title = {{Fast Algorithms for Approximate Semidefinite Programming using the
	Multiplicative Weights Update Method}},
  booktitle = FOCS,
  year = {2005},
  pages = {339--348}
}

@INPROCEEDINGS{arora:fast_SDP,
  author = {S. Arora and S. Kale},
  title = {{A Combinatorial, Primal-Dual Approach to Semidefinite Programs}},
  booktitle = STOC,
  year = {2007},
  pages = {227--236},
  doi = {http://doi.acm.org/10.1145/1250790.1250823},
  isbn = {978-1-59593-631-8}
}


@INPROCEEDINGS{AV07,
  author = {Arthur,, D. and Vassilvitskii,, S.},
  title = {$k$-means$++$: the advantages of careful seeding},
  booktitle = SODA,
  year = {2007}
}

@ARTICLE{AMT10,
  author = {Avron, H. and Maymounkov, P. and Toledo, S.},
  title = {{Blendenpik: Supercharging {LAPACK}'s least-squares solver}},
  journal = {SIAM Journal on Scientific Computing},
  year = {2010},
  volume = {32},
  pages = {1217--1236},
  number = {3},
  issn = {1064-8275}
}


@INPROCEEDINGS{Ba2010,
  author = {K. Do Ba and P. Indyk and E. Price and D. Woodruff},
  title = {{Lower Bounds for Sparse Recovery}},
  booktitle = SODA,
  year = {2010},
  month = {January},
  url = {http://www.almaden.ibm.com/cs/people/dpwoodru/}
}

@INPROCEEDINGS{Ba2010a,
  author = {K. Do Ba and P. Indyk and E. Price and D. Woodruff},
  title = {{Lower Bounds for Sparse Recovery}},
  booktitle = SODA,
  year = {2010},
  month = {January}
}

@INPROCEEDINGS{lower_bound:RIP,
  author = {K. Do Ba and P. Indyk and E. Price and D. Woodruff},
  title = {{Lower Bounds for Sparse Recovery}},
  booktitle = SODA,
  year = {2010},
  month = {January},
  url = {http://www.almaden.ibm.com/cs/people/dpwoodru/}
}

@INPROCEEDINGS{Bansal2010,
  author = {N. Bansal},
  title = {{Constructive Algorithms for Discrepancy Minimization}},
  booktitle = FOCS,
  year = {2010},
  pages = {3-10},
  bibsource = {DBLP, http://dblp.uni-trier.de},
  ee = {http://dx.doi.org/10.1109/FOCS.2010.7}
}

@INPROCEEDINGS{discrepancy:Bansal,
  author = {N. Bansal},
  title = {{Constructive Algorithms for Discrepancy Minimization}},
  booktitle = FOCS,
  year = {2010},
  pages = {3-10},
  bibsource = {DBLP, http://dblp.uni-trier.de},
  ee = {http://dx.doi.org/10.1109/FOCS.2010.7}
}

@ARTICLE{simple_RIP,
  author = {R. Baraniuk and M. Davenport and R. Devore and M. Wakin},
  title = {{A Simple Proof of the Restricted Isometry Property for Random Matrices}},
  journal = {{Constr. Approx}},
  year = {2007},
  volume = {2008}
}

@ARTICLE{barooah_scalinglaws,
  author = {P. Barooah and J. Hespanha},
  title = {{Error Scaling Laws for Optimal Estimation from Relative Measurements}},
  journal = {IEEE Transactions on Information Theory},
  year = {2009},
  volume = {55},
  pages = {5661--5673},
  number = {12},
  month = {Dec.}
}

@ARTICLE{barooah_electrical,
  author = {P. Barooah and J. Hespanha},
  title = {{Estimation From Relative Measurements: Electrical Analogy and Large
	Graphs}},
  journal = {IEEE Transactions on Signal Processing},
  year = {2008},
  volume = {56},
  pages = {2181--2193},
  number = {6},
  month = {Jun. }
}

@ARTICLE{barooah_survey,
  author = {P. Barooah and J. Hespanha},
  title = {{Estimation on Graphs from Relative Measurements}},
  journal = {IEEE Control Systems Magazine},
  year = {2007},
  volume = {27},
  pages = {57--74},
  number = {4},
  month = {Aug.}
}

@INPROCEEDINGS{barooah_conf,
  author = {P. Barooah and J. Hespanha},
  title = {{Distributed Estimation from Relative Measurements in Sensor Networks}},
  booktitle = {Proceedings of the International Conference on Intelligent Sensing
	and Information Processing},
  year = {2005},
  pages = {226--231},
  month = {Dec.}
}

@INPROCEEDINGS{barooah_asymmetric,
  author = {P. Barooah and J. Hespanha and A. Swami},
  title = {{On the effect of Asymmetric Communication on Distributed Time Synchronization}},
  booktitle = CDC,
  year = {2007},
  pages = {5465--5471},
  address = {New Orleans, LA},
  month = {Dec.}
}

@INPROCEEDINGS{distributed_kalman,
  author = {P. Barooah and W. Russell and J. Hespanha},
  title = {{Approximate Distributed Kalman Filtering For Cooperative Multi-agent
	Localization}},
  booktitle = {Proceedings of the 6th International Conference on Distributed Computing
	in Sensor Systems (DCOSS)},
  year = {2010},
  pages = {102-115},
  month = {Jan},
  publisher = {IEEE}
}

@ARTICLE{barooah,
  author = {P. Barooah and N. da Silva and J. Hespanha},
  title = {{Distributed Optimal Estimation from Relative Measurements for Localization
	and Time Synchronization}},
  journal = {Distributed Computing in Sensor Systems, Lecture Notes in Computer
	Science},
  year = {2006},
  volume = {4026},
  pages = {266--281},
  month = {Jun.}
}

@INPROCEEDINGS{graph:sparsifiers:twice_ram,
  author = {Batson, J. D. and Spielman, D. A. and Srivastava, N.},
  title = "{Twice-ramanujan Sparsifiers}",
  booktitle = STOC,
  year = {2009},
  pages = {255--262},
  doi = {http://doi.acm.org/10.1145/1536414.1536451},
  isbn = {978-1-60558-506-2},
  location = {Bethesda, MD, USA},
  numpages = {8},
  url = {http://doi.acm.org/10.1145/1536414.1536451}
}

@INPROCEEDINGS{Benczur1996,
  author = {A. A. Bencz{\'u}r and D. R. Karger},
  title = {{Approximating {\it s-t} Minimum Cuts in $\widetilde{\mathcal{O}}(n^2)$
	Time}},
  booktitle = STOC,
  year = {1996},
  bibsource = {DBLP, http://dblp.uni-trier.de},
  ee = {http://doi.acm.org/10.1145/237814.237827}
}

@INPROCEEDINGS{graph:sparsifier:BenczurK96,
  author = {A. A. Bencz{\'u}r and D. R. Karger},
  title = {{Approximating {\it s-t} Minimum Cuts in $\widetilde{\mathcal{O}}(n^2)$
	Time}},
  booktitle = STOC,
  year = {1996},
  pages = {47-55},
  bibsource = {DBLP, http://dblp.uni-trier.de},
  ee = {http://doi.acm.org/10.1145/237814.237827}
}

@BOOK{fubini_ref,
  title = {Stochastic Modelling of Electricity and Related Markets},
  publisher = {World Scientific},
  year = {2008},
  author = {F. Benth and J. Benth and S. Koekebakker}
}

@BOOK{bertsekas,
  title = {{Nonlinear Programming: Second Edition}},
  publisher = {Athena Scientific},
  year = {1999},
  author = {D. Bertsekas}
}

@BOOK{Bhatia1996,
  title = {Matrix Analysis},
  publisher = {{Graduate Texts in Mathematics, Springer}},
  year = {1996},
  author = {R. Bhatia},
  volume = {169},
  edition = {{First}},
  abstract = {{}},
  howpublished = {Hardcover},
  isbn = {0387948465}
}

@BOOK{Bhatia1996a,
  title = {Matrix Analysis},
  publisher = {{Graduate Texts in Mathematics, Springer}},
  year = {1996},
  author = {R. Bhatia},
  volume = {169},
  edition = {{First}},
  abstract = {{}},
  howpublished = {Hardcover},
  isbn = {0387948465}
}

@BOOK{book:spectralGraph,
 author         = {Chung, F.},
 publisher      = {American Mathematical Society},
 title          = "{Spectral Graph Theory}",
 year           = 1997,
}

@BOOK{book:matrix:Bhatia,
  title = {Matrix Analysis},
  publisher = {{Graduate Texts in Mathematics, Springer}},
  year = {1996},
  author = {R. Bhatia},
  volume = {169},
  edition = {{First}},
  abstract = {{}},
  howpublished = {Hardcover},
  isbn = {0387948465}
}

@BOOK{Bini1994,
  title = {{Polynomial and Matrix Computations: Fundamental Algorithms}},
  publisher = {Birkhauser Verlag},
  year = {1994},
  author = {Bini, D. and Pan, V. Y.},
  volume = {1},
  isbn = {3-7643-3786-9}
}

@BOOK{book:fast_matrix:Bini_Pan,
  title = {{Polynomial and Matrix Computations: Fundamental Algorithms}},
  publisher = {Birkhauser Verlag},
  year = {1994},
  author = {Bini, D. and Pan, V. Y.},
  volume = {1},
  isbn = {3-7643-3786-9}
}

@ARTICLE{BG73,
  author = {Bjorck, A. and Golub, G.~H.},
  title = "{Numerical Methods for Computing Angles between Linear Subspaces}",
  journal = {Mathematics of computation},
  year = {1973},
  volume = {27},
  pages = {579--594},
  number = {123}
}

@BOOK{book:Bjork,
  title = {{Numerical Methods for Least Squares Problems}},
  publisher = SIAM,
  year = {1996},
  author = {A. Bjorck},
  isbn = {0898713609}
}

@ARTICLE{Boman2008,
  author = {E. G. Boman and B. Hendrickson and S. Vavasis},
  title = {{Solving Elliptic Finite Element Systems in Near-Linear Time with
	Support Preconditioners}},
  journal = {SIAM J. on Numerical Analysis},
  year = {2008},
  volume = {46},
  pages = {3264-3284},
  number = {6},
  doi = {10.1137/040611781},
  publisher = SIAM
}

@ARTICLE{SDD:Vavasis,
  author = {E. G. Boman and B. Hendrickson and S. Vavasis},
  title = {{Solving Elliptic Finite Element Systems in Near-Linear Time with
	Support Preconditioners}},
  journal = {SIAM Journal on Numerical Analysis},
  year = {2008},
  volume = {46},
  pages = {3264-3284},
  number = {6},
  doi = {10.1137/040611781},
  publisher = SIAM,
  url = {http://link.aip.org/link/?SNA/46/3264/1}
}

@BOOK{borkar,
  title = {Stochastic Approximation: A Dynamical System Viewpoint},
  publisher = {Hindustan Publishing Agency and Cambridge University Press},
  year = {2008},
  author = {V. Borkar},
  address = {New Delhi and Cambridge, UK}
}

@ARTICLE{bourgain_tzafriri,
  author = {J. Bourgain and L. Tzafriri},
  title = {{Invertibility of Large Submatrices with Applications to the Geometry
	of Banach Spaces and Harmonic Analysis}},
  journal = {Israel Journal of Mathematics},
  year = {1987},
  volume = {5736},
  pages = {137--224}
}

@ARTICLE{Bourgain1987,
  author = {J. Bourgain and L. Tzafriri},
  title = {{Invertibility of Large Submatrices with Applications to the Geometry
	of Banach Spaces and Harmonic Analysis}},
  journal = {Israel Journal of Mathematics},
  year = {1987},
  volume = {5736},
  pages = {137--224}
}

@ARTICLE{BD09,
  author = {Boutsidis, C. and Drineas, P.},
  title = "{Random Projections for the Non-negative Least-Squares Problem}",
  journal = {Linear Algebra and its Applications},
  year = {2009},
  volume = {431},
  pages = {760--771},
  number = {5-7},
  issn = {0024-3795},
  publisher = {Elsevier}
}

@ARTICLE{BDM11a,
  author = {Boutsidis,, C. and Drineas,, P. and Magdon-Ismail,, M.},
  title = "{Near Optimal Column Based Matrix Reconstruction}",
  journal = {ArXiV:1103.0995},
  year = {2011}
}

@INPROCEEDINGS{BMD09c,
  author = {Boutsidis,, C. and Mahoney,, M.~W. and Drineas,, P.},
  title = "{Unsupervised Feature Selection for the $k$-means Clustering Problem}",
  booktitle = NIPS,
  year = {2009}
}

@INPROCEEDINGS{cssp:boutsidis,
  author = {C. Boutsidis and M. W. Mahoney and P. Drineas},
  title = {{An Improved Approximation Algorithm for the Column Subset Selection
	Problem}},
  booktitle = SODA,
  year = {2009},
  pages = {968-977},
  bibsource = {DBLP, http://dblp.uni-trier.de},
  ee = {http://doi.acm.org/10.1145/1496770.1496875}
}

@INPROCEEDINGS{BZD10,
  author = {Boutsidis,, C. and Zouzias,, A. and Drineas,, P.},
  title = "{Random Projections for $k$-means Clustering}",
  booktitle = NIPS,
  year = {2010}
}

@MISC{kmeans:JMLR,
  author = {C. Boutsidis and A. Zouzias and M. W. Mahoney and P. Drineas},
  title = "{Stochastic Dimensionality Reduction for K-means Clustering}",
  howpublished = {Available at~\href{http://arxiv.org/abs/1110.2897}{arxiv:1110.2897}},
  month = {October},
  year = {2011},
  archiveprefix = {arXiv},
  eprint = {1110.2897}
}

@ARTICLE{Buchholz2001,
  author = {A. Buchholz},
  title = {{Operator Khintchine Inequality in Non-commutative Probability}},
  journal = {{Mathematische Annalen}},
  year = {2001},
  volume = {319},
  pages = {1-16},
  number = {1-16},
  month = {January},
  ee = {http://dx.doi.org/10.1007/PL00004425},
  publisher = {Springer Berlin / Heidelberg}
}

@ARTICLE{Buchholz2001a,
  author = {A. Buchholz},
  title = {{Operator Khintchine Inequality in Non-commutative Probability}},
  journal = {{Mathematische Annalen}},
  year = {2001},
  volume = {319},
  pages = {1-16},
  number = {1-16},
  month = {January},
  ee = {http://dx.doi.org/10.1007/PL00004425},
  publisher = {Springer Berlin / Heidelberg}
}

@ARTICLE{khintchine:Buchholz,
  author = {A. Buchholz},
  title = {{Operator Khintchine Inequality in Non-commutative Probability}},
  journal = {{Mathematische Annalen}},
  year = {2001},
  volume = {319},
  pages = {1-16},
  number = {1-16},
  month = {January},
  ee = {http://dx.doi.org/10.1007/PL00004425},
  publisher = {Springer Berlin / Heidelberg}
}

@ARTICLE{Bunch1978,
  author = {J. R. Bunch and C. P. Nielsen and D. C. Sorensen},
  title = {{Rank-One Modification of the Symmetric Eigenproblem}},
  journal = {{Numerische Mathematik}},
  year = {1978},
  volume = {31},
  pages = {31--48},
  number = {1},
  month = {March},
  doi = {http://dx.doi.org/10.1007/BF01396012},
  keywords = {algebra, decomposition, eigenvalue, evd, incremental, matrix, svd,
	update}
}

@ARTICLE{rank_one_update:BNS:1978,
  author = {J. R. Bunch and C. P. Nielsen and D. C. Sorensen},
  title = {{Rank-One Modification of the Symmetric Eigenproblem}},
  journal = {{Numerische Mathematik}},
  year = {1978},
  volume = {31},
  pages = {31--48},
  number = {1},
  month = {March},
  doi = {http://dx.doi.org/10.1007/BF01396012},
  keywords = {algebra, decomposition, eigenvalue, evd, incremental, matrix, svd,
	update}
}

@ARTICLE{Cand`es2007,
  author = {E. Cand\`{e}s and J. Romberg},
  title = {{Sparsity and Incoherence in Compressive Sampling}},
  journal = {Inverse Problems},
  year = {2007},
  volume = {23},
  pages = {969},
  number = {3},
  url = {http://stacks.iop.org/0266-5611/23/i=3/a=008}
}

@ARTICLE{Cand`es2007a,
  author = {E. Cand\`{e}s and J. Romberg},
  title = {{Sparsity and Incoherence in Compressive Sampling}},
  journal = {Inverse Problems},
  year = {2007},
  volume = {23},
  pages = {969},
  number = {3}
}

@ARTICLE{chernoff:matrix_valued:Candes_Sparse,
  author = {E. Cand\`{e}s and J. Romberg},
  title = {{Sparsity and Incoherence in Compressive Sampling}},
  journal = {Inverse Problems},
  year = {2007},
  volume = {23},
  pages = {969},
  number = {3},
  url = {http://stacks.iop.org/0266-5611/23/i=3/a=008}
}

@ARTICLE{CR09,
  author = {E. J. Cand\`{e}s and B. Recht},
  title = {{Exact Matrix Completion via Convex Optimization}},
  journal = {Foundations of Computational Mathematics},
  year = {2009},
  volume = {9},
  pages = {717-772},
  number = {3}
}

@ARTICLE{CT09,
  author = {Cand\`{e}s, E. J. and Tao, T.},
  title = {{The Power of Convex Relaxation: Near-optimal Matrix Completion}},
  journal = {IEEE Trans. Inf. Theor.},
  year = {2010},
  volume = {56},
  pages = {2053--2080},
  number = {5},
  address = {Piscataway, NJ, USA},
  doi = {http://dx.doi.org/10.1109/TIT.2010.2044061},
  issn = {0018-9448},
  publisher = {IEEE Press}
}

@ARTICLE{Cand`es2006,
  author = {E. J. Cand\`{e}s and T. Tao},
  title = {{Near-Optimal Signal Recovery From Random Projections: Universal
	Encoding Strategies?}},
  journal = {{IEEE Transactions on Information Theory}},
  year = {2006},
  volume = {52},
  pages = {5406--5425},
  number = {12},
  bibsource = {DBLP, http://dblp.uni-trier.de},
  ee = {http://doi.ieeecomputersociety.org/10.1109/TIT.2006.885507}
}

@ARTICLE{Cand`es2006a,
  author = {E. J. Cand\`{e}s and T. Tao},
  title = {{Near-Optimal Signal Recovery From Random Projections: Universal
	Encoding Strategies?}},
  journal = {{IEEE Transactions on Information Theory}},
  year = {2006},
  volume = {52},
  pages = {5406--5425},
  number = {12},
  bibsource = {DBLP, http://dblp.uni-trier.de},
  ee = {http://doi.ieeecomputersociety.org/10.1109/TIT.2006.885507}
}

@ARTICLE{CT,
  author = {E. J. Cand\`{e}s and T. Tao},
  title = {{Near-Optimal Signal Recovery From Random Projections: Universal
	Encoding Strategies?}},
  journal = {{IEEE Transactions on Information Theory}},
  year = {2006},
  volume = {52},
  pages = {5406--5425},
  number = {12},
  bibsource = {DBLP, http://dblp.uni-trier.de},
  ee = {http://doi.ieeecomputersociety.org/10.1109/TIT.2006.885507}
}

@ARTICLE{Cand`es2005,
  author = {E. J. Cand\`{e}s and T. Tao},
  title = {{Decoding by Linear Programming}},
  journal = {{Information Theory, IEEE Transactions on}},
  year = {2005},
  volume = {51},
  pages = {4203--4215},
  number = {12},
  doi = {10.1109/TIT.2005.858979},
  keywords = {decode, linear-programming},
  posted-at = {2009-05-07 03:51:13},
  priority = {2},
  url = {http://dx.doi.org/10.1109/TIT.2005.858979}
}

@ARTICLE{Cand`es2005a,
  author = {E. J. Cand\`{e}s and T. Tao},
  title = {{Decoding by Linear Programming}},
  journal = {{IEEE Transactions on Information Theory}},
  year = {2005},
  volume = {51},
  pages = {4203--4215},
  number = {12},
  doi = {10.1109/TIT.2005.858979},
  keywords = {decode, linear-programming},
  posted-at = {2009-05-07 03:51:13},
  priority = {2}
}

@ARTICLE{lp_decode,
  author = {E. J. Cand\`{e}s and T. Tao},
  title = {{Decoding by Linear Programming}},
  journal = {{Information Theory, IEEE Transactions on}},
  year = {2005},
  volume = {51},
  pages = {4203--4215},
  number = {12},
  doi = {10.1109/TIT.2005.858979},
  keywords = {decode, linear-programming},
  posted-at = {2009-05-07 03:51:13},
  priority = {2},
  url = {http://dx.doi.org/10.1109/TIT.2005.858979}
}

@ARTICLE{Carrier1988,
  author = {J. Carrier and L. Greengard and V. Rokhlin},
  title = {{A Fast Adaptive Multipole Algorithm for Particle Simulations}},
  journal = {{SIAM Journal on Scientific and Statistical Computing}},
  year = {1988},
  volume = {9},
  pages = {669-686},
  number = {4},
  doi = {10.1137/0909044},
  keywords = {N-body problem; plasma physics; molecular dynamics; vortex method;
	potential theory},
  url = {http://link.aip.org/link/?SCE/9/669/1}
}

@ARTICLE{Carrier1988a,
  author = {J. Carrier and L. Greengard and V. Rokhlin},
  title = {{A Fast Adaptive Multipole Algorithm for Particle Simulations}},
  journal = {{SIAM J. on Scientific and Statistical Computing}},
  year = {1988},
  volume = {9},
  pages = {669-686},
  number = {4}
}

@ARTICLE{FMM:CGR,
  author = {J. Carrier and L. Greengard and V. Rokhlin},
  title = {{A Fast Adaptive Multipole Algorithm for Particle Simulations}},
  journal = {{SIAM Journal on Scientific and Statistical Computing}},
  year = {1988},
  volume = {9},
  pages = {669-686},
  number = {4}
}

@ARTICLE{Censor1983,
  author = {Censor, Y. and Eggermont, P. and Gordon, D.},
  title = {{Strong Underrelaxation in {K}aczmarz's Method for Inconsistent Systems}},
  journal = {Numerische Mathematik},
  year = {1983},
  volume = {41},
  pages = {83-92},
  issue = {1}
}

@ARTICLE{Censor1983a,
  author = {Censor, Yair and Eggermont, Paul and Gordon, Dan},
  title = {Strong underrelaxation in {K}aczmarz's method for inconsistent systems},
  journal = {Numerische Mathematik},
  year = {1983},
  volume = {41},
  pages = {83-92},
  issue = {1}
}

@ARTICLE{KRel,
  author = {Censor, Y. and Eggermont, P. and Gordon, D.},
  title = {{Strong Underrelaxation in {K}aczmarz's Method for Inconsistent Systems}},
  journal = {Numerische Mathematik},
  year = {1983},
  volume = {41},
  pages = {83-92},
  issue = {1}
}

@ARTICLE{allan_sde,
  author = {J. W. Chaffee},
  title = {Relating the {Allan} variance to the diffusion coefficients of a
	linear stochastic differential equation model for precision oscillators},
  journal = {IEEE Transactions on Ultrasonics, Ferroelectrics, and Frequency Control},
  year = {1987},
  volume = {34},
  pages = {655--658},
  month = {Nov.}
}

@ARTICLE{Chand:eigenprob:2004,
  author = {S. Chandrasekaran and M. Gu},
  title = {{A Divide-and-Conquer Algorithm for the Eigendecomposition of Symmetric
	Block-Diagonal plus Semiseparable Matrices}},
  journal = {{Numer. Math.}},
  year = {2004},
  volume = {96},
  pages = {723--731},
  doi = {10.1007/s00211-002-0199-1},
  issn = {0029-599X},
  issue = {4},
  numpages = {9},
  url = {http://portal.acm.org/citation.cfm?id=1005021.1005022}
}

@ARTICLE{Chandrasekaran2004,
  author = {S. Chandrasekaran and M. Gu},
  title = {{A Divide-and-Conquer Algorithm for the Eigendecomposition of Symmetric
	Block-Diagonal plus Semiseparable Matrices}},
  journal = {{Numer. Math.}},
  year = {2004},
  volume = {96},
  pages = {723--731},
  doi = {10.1007/s00211-002-0199-1},
  issn = {0029-599X},
  issue = {4},
  numpages = {9}
}

@INPROCEEDINGS{CKLS09,
  author = {Chaudhuri, K. and Kakade, S.~M. and Livescu, K. and Sridharan, K.},
  title = "{Multi-view clustering via Canonical Correlation Analysis}",
  booktitle = ICML,
  year = {2009},
  pages = {129--136},
  acmid = {1553391},
  doi = {10.1145/1553374.1553391},
  isbn = {978-1-60558-516-1},
  numpages = {8},
  url = {http://doi.acm.org/10.1145/1553374.1553391}
}

@ARTICLE{Christofides2008,
  author = {Christofides, D. and Markstr\"{o}m, K.},
  title = {{Expansion Properties of Random Cayley Graphs and Vertex Transitive
	Graphs via Matrix Martingales}},
  journal = {Random Struct. Algorithms},
  year = {2008},
  volume = {32},
  pages = {88--100},
  acmid = {1323941},
  doi = {10.1002/rsa.v32:1},
  issn = {1042-9832},
  issue = {1},
  numpages = {13}
}

@ARTICLE{expander:AlonRoichman:Christofides,
  author = {Christofides, D. and Markstr\"{o}m, K.},
  title = {{Expansion Properties of Random Cayley Graphs and Vertex Transitive
	Graphs via Matrix Martingales}},
  journal = {Random Struct. Algorithms},
  year = {2008},
  volume = {32},
  pages = {88--100},
  acmid = {1323941},
  doi = {10.1002/rsa.v32:1},
  issn = {1042-9832},
  issue = {1},
  numpages = {13},
  url = {http://portal.acm.org/citation.cfm?id=1323937.1323941}
}


@ARTICLE{graphProduct,
  author = {Chung, F. and Tetali, P.},
  title = {{Isoperimetric Inequalities for Cartesian Products of Graphs}},
  journal = {Comb. Probab. Comput.},
  year = {1998},
  volume = {7},
  pages = {141--148},
  month = {June},
  issue = {2}
}

@INPROCEEDINGS{Clark08,
author = {Clarkson, K. L.},
title = {{Tighter Bounds for Random Projections of Manifolds}},
booktitle = SOCG,
year = {2008},
pages = {39--48},
doi = {http://doi.acm.org/10.1145/1377676.1377685},
isbn = {978-1-60558-071-5},
}


@INPROCEEDINGS{jl:manifold,
  author = {Clarkson, K. L.},
  title = {{Tighter Bounds for Random Projections of Manifolds}},
  booktitle = SOCG,
  year = {2008},
  pages = {39--48},
  doi = {http://doi.acm.org/10.1145/1377676.1377685},
  isbn = {978-1-60558-071-5},
  location = {College Park, MD, USA}
}


@MISC{ls:nnzA,
  author = {K. L. Clarkson and D. P. Woodruff},
  title = {{Low Rank Approximation and Regression in Input Sparsity Time}},
  howpublished = {Available at~\href{http://arxiv.org/abs/1207.6365}{arXiv:1207.6365}},
  month = {July},
  year = {2012},
  archiveprefix = {arXiv},
  eprint = {1207.6365}
}

@INPROCEEDINGS{Clarkson2009,
  author = {K. L. Clarkson and D. P. Woodruff},
  title = {{Numerical Linear Algebra in the Streaming Model}},
  booktitle = STOC,
  year = {2009},
  pages = {205--214},
  ee = {http://doi.acm.org/10.1145/1536414.1536445}
}

@INPROCEEDINGS{CW_stoc09,
  author = {K. L. Clarkson and D. P. Woodruff},
  title = {{Numerical Linear Algebra in the Streaming Model}},
  booktitle = STOC,
  year = {2009},
  pages = {205--214},
  doi = {http://doi.acm.org/10.1145/1536414.1536445},
  isbn = {978-1-60558-506-2}
}

@INPROCEEDINGS{l2_regression:drineas08,
  author = {A. Dasgupta and P. Drineas and B. Harb and R. Kumar and M. W. Mahoney},
  title = {Sampling Algorithms and Coresets for $\ell_2$-regression},
  booktitle = {SODA},
  year = {2008},
  pages = {932--941},
  ee = {http://doi.acm.org/10.1145/1347082.1347184}
}

@ARTICLE{Dasgupta2003,
  author = {S. Dasgupta and A. Gupta},
  title = {{An Elementary Proof of a Theorem of Johnson and Lindenstrauss}},
  journal = {{Random Struct. Algorithms}},
  year = {2003},
  volume = {22},
  pages = {60--65},
  number = {1},
  doi = {http://dx.doi.org/10.1002/rsa.10073},
  issn = {1042-9832},
  publisher = {John Wiley \& Sons, Inc.}
}

@ARTICLE{Dasgupta2003a,
  author = {S. Dasgupta and A. Gupta},
  title = {{An Elementary Proof of a Theorem of Johnson and Lindenstrauss}},
  journal = {{Random Struct. Algorithms}},
  year = {2003},
  volume = {22},
  pages = {60--65},
  number = {1},
  doi = {http://dx.doi.org/10.1002/rsa.10073},
  issn = {1042-9832},
  publisher = {John Wiley \& Sons, Inc.}
}

@ARTICLE{jl-simple,
  author = {S. Dasgupta and A. Gupta},
  title = {{An Elementary Proof of a Theorem of Johnson and Lindenstrauss}},
  journal = {{Random Struct. Algorithms}},
  year = {2003},
  volume = {22},
  pages = {60--65},
  number = {1},
  doi = {http://dx.doi.org/10.1002/rsa.10073},
  issn = {1042-9832},
  publisher = {John Wiley \& Sons, Inc.}
}

@BOOK{book:Demmel,
  title = {{Applied Numerical Linear Algebra}},
  publisher = SIAM,
  year = {1997},
  doi = {10.1137/1.9781611971446},
  author = {Demmel, J.~W.},
  isbn = {0-89871-389-7}
}


@ARTICLE{Demmel1988,
  author = {Demmel, J. W.},
  title = {{The Probability that a Numerical Analysis Problem is Difficult}},
  journal = {Mathematics of Computation},
  year = {1988},
  volume = {50},
  pages = {pp. 449-480},
  number = {182},
  issn = {00255718},
  publisher = {American Mathematical Society},
  url = {http://www.jstor.org/stable/2008617}
}

@INPROCEEDINGS{Deshpande2010,
  author = {A. Deshpande and L. Rademacher},
  title = {{Efficient Volume Sampling for Row/column Subset Selection}},
  booktitle = FOCS,
  year = {2010},
  archiveprefix = {arXiv},
  eprint = {1004.4057},
  howpublished = {Available at~\href{http://arxiv.org/abs/1004.4057}{arxiv:1004.4057}
	}
}

@INPROCEEDINGS{matrix:volume_sampling:FOCS2010,
  author = {A. Deshpande and L. Rademacher},
  title = {{Efficient Volume Sampling for Row/column Subset Selection}},
  booktitle = FOCS,
  year = {2010},
  archiveprefix = {arXiv},
  eprint = {1004.4057},
  howpublished = {Available at~\href{http://arxiv.org/abs/1004.4057}{arxiv:1004.4057}
	}
}

@INPROCEEDINGS{Deshpande2006,
  author = {A. Deshpande and L. Rademacher and S. Vempala and G. Wang},
  title = {{Matrix Approximation and Projective Clustering via Volume Sampling}},
  booktitle = SODA,
  year = {2006},
  pages = {1117-1126},
  bibsource = {DBLP, http://dblp.uni-trier.de},
  ee = {http://doi.acm.org/10.1145/1109557.1109681}
}

@INPROCEEDINGS{Deshpande2006a,
  author = {A. Deshpande and L. Rademacher and S. Vempala and G. Wang},
  title = {{Matrix Approximation and Projective Clustering via Volume Sampling}},
  booktitle = SODA,
  year = {2006},
  pages = {1117-1126},
  bibsource = {DBLP, http://dblp.uni-trier.de},
  ee = {http://doi.acm.org/10.1145/1109557.1109681}
}

@INPROCEEDINGS{Deshpande2006b,
  author = {A. Deshpande and L. Rademacher and S. Vempala and G. Wang},
  title = {{Matrix Approximation and Projective Clustering via Volume Sampling}},
  booktitle = SODA,
  year = {2006},
  pages = {1117-1126},
  bibsource = {DBLP, http://dblp.uni-trier.de},
  ee = {http://doi.acm.org/10.1145/1109557.1109681}
}

@INPROCEEDINGS{lowrank:volume_sampling:DRVW06,
  author = {A. Deshpande and L. Rademacher and S. Vempala and G. Wang},
  title = {{Matrix Approximation and Projective Clustering via Volume Sampling}},
  booktitle = SODA,
  year = {2006},
  pages = {1117-1126},
  bibsource = {DBLP, http://dblp.uni-trier.de},
  ee = {http://doi.acm.org/10.1145/1109557.1109681}
}

@INPROCEEDINGS{DRFU12,
  author = {P. Dhillon and J. Rodu and D. Foster and L. Ungar},
  title = "{Using {CCA} to Improve {CCA}: A new spectral method for estimating
	vector models of words}",
  booktitle = ICML,
  year = {2012}
}

@INPROCEEDINGS{DFU11,
  author = {P. S. Dhillon and D. Foster and L. Ungar},
  title = "{Multi-View Learning of Word Embeddings via {CCA}}",
  booktitle = NIPS,
  year = {2011}
}

@TECHREPORT{Donoho:k_neighborness,
  author = {D. Donoho},
  title = {{Neighborly Polytopes and Sparse Solutions of Undetermined Linear
	Equations}},
  institution = {{Stanford University}},
  year = {2004},
  month = {December}
}

@TECHREPORT{Donoho2004,
  author = {D. Donoho},
  title = {{Neighborly Polytopes and Sparse Solutions of Undetermined Linear
	Equations}},
  institution = {{Stanford University}},
  year = {2004},
  month = {December}
}

@TECHREPORT{Donoho2004a,
  author = {D. Donoho},
  title = {{Neighborly Polytopes and Sparse Solutions of Undetermined Linear
	Equations}},
  institution = {{Stanford University}},
  year = {2004},
  month = {December}
}

@INPROCEEDINGS{DFKVV99,
  author = {P. Drineas and A. Frieze and R. Kannan and S. Vempala and V. Vinay},
  title = {Clustering in large graphs and matrices},
  booktitle = SODA,
  year = {1999}
}

@INPROCEEDINGS{Drineas2003,
  author = {P. Drineas and R. Kannan},
  title = {{Pass Efficient Algorithms for Approximating Large Matrices}},
  booktitle = SODA,
  year = {2003},
  pages = {223--232},
  isbn = {0-89871-538-5},
  location = {Baltimore, Maryland}
}


@INPROCEEDINGS{lra:drineaskannan,
  author = {P. Drineas and R. Kannan},
  title = {{Pass Efficient Algorithms for Approximating Large Matrices}},
  booktitle = SODA,
  year = {2003},
  pages = {223--232},
  isbn = {0-89871-538-5},
  location = {Baltimore, Maryland}
}

@INPROCEEDINGS{Drineas2001,
  author = {P. Drineas and R. Kannan},
  title = {{Fast Monte-Carlo Algorithms for Approximate Matrix Multiplication}},
  booktitle = FOCS,
  year = {2001},
  pages = {452-459},
  bibsource = {DBLP, http://dblp.uni-trier.de}
}


@INPROCEEDINGS{matrixmult:drineas:FOCS,
  author = {P. Drineas and R. Kannan},
  title = {{Fast Monte-Carlo Algorithms for Approximate Matrix Multiplication}},
  booktitle = FOCS,
  year = {2001},
  pages = {452-459},
  bibsource = {DBLP, http://dblp.uni-trier.de}
}


@ARTICLE{lowrank:drineas,
  author = {Drineas, P. and Kannan, R. and Mahoney, M. W.},
  title = {{Fast Monte Carlo Algorithms for Matrices II: Computing a Low-Rank
	Approximation to a Matrix}},
  journal = SICOMP,
  year = {2006},
  volume = {36},
  pages = {158--183},
  number = {1},
  doi = {http://dx.doi.org/10.1137/S0097539704442696},
  issn = {0097-5397},
  publisher = {Society for Industrial and Applied Mathematics}
}

@ARTICLE{matrixdecomp:drineas,
  author = {Drineas, P. and Kannan, R. and Mahoney, M. W.},
  title = {{Fast Monte Carlo Algorithms for Matrices III: Computing a Compressed
	Approximate Matrix Decomposition}},
  journal = SICOMP,
  year = {2006},
  volume = {36},
  pages = {184--206},
  number = {1},
  doi = {http://dx.doi.org/10.1137/S0097539704442702},
  issn = {0097-5397},
  publisher = SIAM
}

@ARTICLE{matrixmult:drineas,
  author = {Drineas, P. and Kannan, R. and Mahoney, M. W.},
  title = {{Fast Monte Carlo Algorithms for Matrices I: Approximating Matrix
	Multiplication}},
  journal = SICOMP,
  year = {2006},
  volume = {36},
  pages = {132--157},
  number = {1},
  doi = {http://dx.doi.org/10.1137/S0097539704442684},
  issn = {0097-5397},
  publisher = {Society for Industrial and Applied Mathematics}
}

@INPROCEEDINGS{DMMW12,
  author = {P. Drineas and M. Magdon-Ismail and M. W. Mahoney and
	D. P. Woodruff},
  title = {{Fast Approximation of Matrix Coherence and Statistical Leverage}},
  booktitle = ICML,
  year = {2012}
}

@ARTICLE{DMMS11,
  author = {Drineas, P. and Mahoney, M.W. and Muthukrishnan, S. and Sarl{\'o}s,
	T.},
  title = {Faster Least Squares Approximation},
  journal = {Numerische Mathematik},
  year = {2011},
  volume = {117(2)},
  pages = {217-249}
}

@MISC{Drineas2010,
  author = {P. Drineas and M. W. Mahoney},
  title = {{Effective Resistances, Statistical Leverage, and Applications to
	Linear Equation Solving}},
  howpublished = {Available at~\href{http://arxiv.org/abs/1005.3097}{arxiv:1005.3097}
	},
  month = {May},
  year = {2010},
  archiveprefix = {arXiv},
  eprint = {1005.3097}
}

@MISC{Drineas2010a,
  author = {P. Drineas and M. W. Mahoney},
  title = {{Effective Resistances, Statistical Leverage, and Applications to
	Linear Equation Solving}},
  howpublished = {Available at~\href{http://arxiv.org/abs/1005.3097}{arxiv:1005.3097}
	},
  month = {May},
  year = {2010},
  archiveprefix = {arXiv},
  eprint = {1005.3097}
}

@MISC{Drineas2010b,
  author = {P. Drineas and M. W. Mahoney},
  title = {{Effective Resistances, Statistical Leverage, and Applications to
	Linear Equation Solving}},
  howpublished = {Available at~\href{http://arxiv.org/abs/1005.3097}{arxiv:1005.3097}
	},
  month = {May},
  year = {2010},
  archiveprefix = {arXiv},
  eprint = {1005.3097}
}

@MISC{matrix:leverage_scores:drineas,
  author = {P. Drineas and M. W. Mahoney},
  title = {{Effective Resistances, Statistical Leverage, and Applications to
	Linear Equation Solving}},
  howpublished = {Available at~\href{http://arxiv.org/abs/1005.3097}{arxiv:1005.3097}
	},
  month = {May},
  year = {2010},
  archiveprefix = {arXiv},
  eprint = {1005.3097}
}

@INPROCEEDINGS{Drineas2006f,
  author = {P. Drineas and M. W. Mahoney and S. Muthukrishnan},
  title = {{Sampling Algorithms for $\ell_2$-regression and Applications}},
  booktitle = SODA,
  year = {2006},
  pages = {1127--1136},
  ee = {http://doi.acm.org/10.1145/1109557.1109682}
}

@INPROCEEDINGS{Drineas2006g,
  author = {P. Drineas and M. W. Mahoney and S. Muthukrishnan},
  title = {{Sampling Algorithms for $\ell_2$-regression and Applications}},
  booktitle = SODA,
  year = {2006},
  pages = {1127--1136},
  ee = {http://doi.acm.org/10.1145/1109557.1109682}
}

@INPROCEEDINGS{Drineas2006h,
  author = {P. Drineas and M. W. Mahoney and S. Muthukrishnan},
  title = {{Sampling Algorithms for $\ell_2$-regression and Applications}},
  booktitle = SODA,
  year = {2006},
  pages = {1127--1136},
  ee = {http://doi.acm.org/10.1145/1109557.1109682}
}

@INPROCEEDINGS{Drineas2006j,
  author = {Drineas, P. and Mahoney, M. W. and Muthukrishnan, S.},
  title = {{Sampling Algorithms for $\ell_2$-regression and Applications}},
  booktitle = SODA,
  year = {2006},
  pages = {1127--1136},
  acmid = {1109682},
  doi = {10.1145/1109557.1109682},
  isbn = {0-89871-605-5},
  numpages = {10},
  url = {http://doi.acm.org/10.1145/1109557.1109682}
}

@INPROCEEDINGS{l2_regression:drineas06,
  author = {P. Drineas and M. W. Mahoney and S. Muthukrishnan},
  title = {{Sampling Algorithms for $\ell_2$-regression and Applications}},
  booktitle = SODA,
  year = {2006},
  pages = {1127--1136},
  ee = {http://doi.acm.org/10.1145/1109557.1109682}
}

@ARTICLE{fasterLS,
  author = {Drineas, P. and Mahoney, M. W. and Muthukrishnan, S. and Sarl\`{o}s,
	T.},
  title = {{Faster Least Squares Approximation}},
  journal = {Numer. Math.},
  year = {2011},
  volume = {117},
  pages = {219--249},
  number = {2},
  month = {Feb},
  acmid = {1936925},
  doi = {10.1007/s00211-010-0331-6},
  issn = {0029-599X},
  numpages = {31},
  url = {http://dx.doi.org/10.1007/s00211-010-0331-6}
}

@ARTICLE{matrix:sparsification:IPL2011,
  author = {P. Drineas and A. Zouzias},
  title = {{A note on Element-wise Matrix Sparsification via a Matrix-valued
	Bernstein Inequality}},
  journal = {{Information Processing Letters}},
  year = {2011},
  volume = {111},
  pages = {385 -- 389},
  number = {8},
  doi = {DOI: 10.1016/j.ipl.2011.01.010},
  issn = {0020-0190},
  url = {http://www.sciencedirect.com/science/article/B6V0F-51YYP2J-1/2/027a0764ef89112c00f1b92b7b448cd4}
}


@ARTICLE{EI95,
  author = {S. Eisenstat and I. Ipsen},
  title = "{Relative Perturbation Techniques for Singular Value Problems}",
  journal = {SIAM Journal on Numerical Analysis},
  year = {1995},
  volume = {32},
  pages = {1972--1988}
}

@ARTICLE{Eisenstat1995,
  author = {S. C. Eisenstat and M. Gu},
  title = {{A Divide-and-Conquer Algorithm for the Symmetric Tridiagonal Eigenproblem}},
  journal = {SIAM J. Matrix Anal. Appl.},
  year = {1995},
  volume = {16},
  pages = {172--191},
  acmid = {207472},
  doi = {http://dx.doi.org/10.1137/S0895479892241287},
  issn = {0895-4798},
  issue = {1},
  keywords = {arrowhead matrix, divide-and-conquer, symmetric tridiagonal eigenproblem},
  numpages = {20},
  publisher = SIAM
}

@ARTICLE{rank_one_update:Gu_Eisenstat,
  author = {S. C. Eisenstat and M. Gu},
  title = {{A Divide-and-Conquer Algorithm for the Symmetric Tridiagonal Eigenproblem}},
  journal = {SIAM J. Matrix Anal. Appl.},
  year = {1995},
  volume = {16},
  pages = {172--191},
  acmid = {207472},
  doi = {http://dx.doi.org/10.1137/S0895479892241287},
  issn = {0895-4798},
  issue = {1},
  keywords = {arrowhead matrix, divide-and-conquer, symmetric tridiagonal eigenproblem},
  numpages = {20},
  publisher = SIAM,
  url = {http://dx.doi.org/10.1137/S0895479892241287}
}

@INPROCEEDINGS{RBS,
  author = {J. Elson and L. Girod and D. Estrin},
  title = {{Fine-Grained Network Time Synchronization using Reference Broadcasts}},
  booktitle = {Proceedings of the 5th Symposium on Operating Systems Design and
	Implementation},
  year = {2002},
  pages = {147--163},
  address = {Boston, MA},
  month = {Dec.}
}

@INPROCEEDINGS{karp,
  author = {J. Elson and R.~M. Karp and C.~H. Papadimitriou and S. Shenker},
  title = {{Global Synchronization in Sensornets}},
  booktitle = LATIN,
  year = {2004},
  pages = {609--624},
}

@ARTICLE{cond_expect:Erdos,
  author = {P. Erd\"{o}s and J. L. Selfridge},
  title = {{On a Combinatorial Game}},
  journal = {J. Comb. Theory, Ser. B},
  year = {1973},
  volume = {14},
  pages = {298 - 301},
  number = {3},
  doi = {DOI: 10.1016/0097-3165(73)90005-8},
  issn = {0097-3165},
  url = {http://www.sciencedirect.com/science/article/B6WHS-4D7CXHT-43/2/8b307b3235c323a7ab873784a592ca49}
}

@ARTICLE{estrada,
  author = {Estrada, E. and Rodr\'{i}guez-Vel\'{a}zquez, J. A.},
  title = {{Subgraph Centrality in Complex Networks}},
  journal = {Phys. Rev. E},
  year = {2005},
  volume = {71},
  month = {May},
  issue = {5},
  numpages = {9},
  publisher = {American Physical Society}
}

@BOOK{book:SDD_Strang,
  title = {{An Analysis of the Finite Element Method}},
  publisher = {Cambridge University Press},
  year = {1973},
  author = {G. Fix and G. Strang},
  pages = {400},
  series = {{Cambridge Studies in Advanced Mathematics}},
  edition = {Second},
  isbn = {9780980232707}
}

@BOOK{Fix1973,
  title = {{An Analysis of the Finite Element Method}},
  publisher = {Cambridge University Press},
  year = {1973},
  author = {G. Fix and G. Strang},
  pages = {400},
  series = {{Cambridge Studies in Advanced Mathematics}},
  edition = {{Second}},
  isbn = {9780980232707}
}

@INPROCEEDINGS{FS06,
  author = {Frahling,, G. and Sohler,, C.},
  title = {{A Fast $k$-means Implementation using Coresets}},
  booktitle = SOCG,
  year = {2006}
}

@INPROCEEDINGS{nfrer_CSMA,
  author = {Freris, N.},
  title = {Performance bounds for CSMA-based medium access control},
  booktitle = {Proceedings of the 50th IEEE Conference on Decision and Control},
  year = {2011},
  pages = {5945--5950},
  address = {Orlando, Florida},
  month = {Dec.}
}

@MASTERSTHESIS{nfrer_ms,
  author = {N. Freris},
  title = {Fundamental Limits on Network Clock Synchronization},
  school = {University of Illinois, Urbana-Champaign},
  year = {2007}
}

@INPROCEEDINGS{nfrer_algocdc,
  author = {N. Freris and V. Borkar and P. R. Kumar},
  title = {{A model-based Approach to Clock Synchronization}},
  booktitle = {Proceedings of the 48th IEEE Conference on Decision and Control},
  year = {2009},
  pages = {5744--5749},
  address = {Sanghai},
  month = {Dec.}
}

@ARTICLE{nfrer_TAC,
  author = {N. Freris and S. Graham and P. R. Kumar},
  title = {{Fundamental Limits on Synchronizing Clocks over Networks}},
  journal = {IEEE Transactions on Automatic Control},
  year = {2011},
  volume = {56},
  pages = {1352--1364},
  number = {4},
  month = {Jun.}
}

@ARTICLE{hemant_nick,
  author = {N. Freris and H. Kowshik and P. R. Kumar},
  title = {{Fundamentals of Large Sensor Networks: Connectivity, Capacity, Clocks
	and Computation}},
  journal = {Proceedings of the IEEE},
  year = {2010},
  volume = {98},
  pages = {1828--1846},
  number = {1},
  month = {Nov.}
}

@INPROCEEDINGS{fundamental_cdc,
  author = {N. Freris and P. R. Kumar},
  title = {{Fundamental Limits on Synchronization of Affine Clocks in Networks}},
  booktitle = {Proceedings of the 46th IEEE Conference on Decision and Control},
  year = {2007},
  pages = {921--926},
  address = {New Orleans, LA},
  month = {Dec.}
}


@ARTICLE{lowrank:FKV,
  author = {Frieze, A. and Kannan, R. and Vempala, S.},
  title = {{Fast Monte-carlo Algorithms for Finding Low-rank Approximations}},
  journal = SICOMP,
  year = {2004},
  volume = {51},
  pages = {1025--1041},
  number = {6},
  doi = {http://doi.acm.org/10.1145/1039488.1039494},
  issn = {0004-5411},
  publisher = {ACM}
}

@ARTICLE{tutorial_model,
  author = {L. Galleani},
  title = {A tutorial on the two-state model of the atomic clock noise},
  journal = {Metrologia},
  year = {2008},
  volume = {45},
  pages = {175--182},
  number = {6}
}

@ARTICLE{model_sde,
  author = {L. Galleani and L. Sacerdote and P. Tavella and C. Zucca},
  title = {A mathematical model for the atomic clock error},
  journal = {Metrologia},
  year = {2003},
  volume = {40},
  pages = {257--264}
}

@INPROCEEDINGS{TPSN,
  author = {S. Ganeriwal and R. Kumar and M. Srivastava},
  title = {{Timing-Sync Protocol for Sensor Networks}},
  booktitle = {Proceedings of the 1st Conference on Embedded Networked Sensor System
	(SenSys)},
  year = {2003},
  pages = {138--149},
  month = {Nov.},
  publisher = {ACM}
}

@ARTICLE{fast_mm:Gen_Cauchy:Gerasoulis,
  author = {Gerasoulis, A.},
  title = {{A Fast Algorithm for the Multiplication of Generalized Hilbert Matrices
	with Vectors}},
  journal = {Mathematics of Computation},
  year = {1988},
  volume = {50},
  pages = {179--188},
  number = {181},
  abstract = {The existence of a fast algorithm with an $O_A(n(\log n)^2)$ time
	complexity for the multiplication of generalized Hilbert matrices
	with vectors is shown. These matrices are defined by $(B_p)_{i,j}
	= 1/(t_i - s_j)^p, i, j = 1,\ldots, n, p = 1,\ldots, q, q \ll n$,
	where $t_i$ and $s_i$ are distinct points in the complex plane and
	$t_i \neq s_j, i, j = 1,\ldots, n$. The major contribution of the
	paper is the stable implementation of the algorithm for two important
	sets of points, the Chebyshev points and the $n$th roots of unity.
	Such points have applications in the numerical approximation of Cauchy
	singular integral equations. The time complexity of the algorithm,
	for these special sets of points, reduces to $O_A(n \log n)$.},
  issn = {00255718},
  jstor_formatteddate = {Jan., 1988},
  publisher = AMS,
  url = {http://www.jstor.org/stable/2007921}
}

@ARTICLE{Gerasoulis1988,
  author = {Gerasoulis, A.},
  title = {{A Fast Algorithm for the Multiplication of Generalized Hilbert Matrices
	with Vectors}},
  journal = {Mathematics of Computation},
  year = {1988},
  volume = {50},
  pages = {179--188},
  number = {181},
  abstract = {The existence of a fast algorithm with an $O_A(n(\log n)^2)$ time
	complexity for the multiplication of generalized Hilbert matrices
	with vectors is shown. These matrices are defined by $(B_p)_{i,j}
	= 1/(t_i - s_j)^p, i, j = 1,\ldots, n, p = 1,\ldots, q, q \ll n$,
	where $t_i$ and $s_i$ are distinct points in the complex plane and
	$t_i \neq s_j, i, j = 1,\ldots, n$. The major contribution of the
	paper is the stable implementation of the algorithm for two important
	sets of points, the Chebyshev points and the $n$th roots of unity.
	Such points have applications in the numerical approximation of Cauchy
	singular integral equations. The time complexity of the algorithm,
	for these special sets of points, reduces to $O_A(n \log n)$.},
  issn = {00255718},
  jstor_formatteddate = {Jan., 1988},
  publisher = AMS
}

@ARTICLE{smoothing,
  author = {A. Giridhar and P. R. Kumar},
  title = {{The Spatial Smoothing Method of Clock Synchronization in Wireless
	Networks}},
  journal = {Theoretical Aspects of Distributed Computing in Sensor Networks},
  year = {2011},
  pages = {227--256},
  publisher = {Springer},
  series = {Monographs in Theoretical Computer Science}
}

@INPROCEEDINGS{arvind,
  author = {A. Giridhar and P. R. Kumar},
  title = {{Distributed Clock Synchronization over Wireless Networks: Algorithms
	and Analysis}},
  booktitle = CDC,
  year = {2006},
  pages = {4915--4920},
  address = {San Diego},
  month = {Dec.}
}

@ARTICLE{TailBounds,
  author = {Gittens, A. and Tropp, J.~A.},
  title = {{Tail bounds for all eigenvalues of a sum of random matrices}},
  journal = {Arxiv preprint arXiv:1104.4513},
  year = {April 2011}

}

@MISC{Gittens2009,
  author = {A. Gittens and J. A. Tropp},
  title = {{Error Bounds for Random Matrix Approximation Schemes}},
  howpublished = {Available at~\href{http://arxiv.org/abs/0911.4108}{arxiv:0911.4108}
	},
  month = {September},
  year = {2009},
  archiveprefix = {arXiv},
  eprint = {0911.4108}
}

@MISC{Gittens2009a,
  author = {A. Gittens and J. A. Tropp},
  title = {{Error Bounds for Random Matrix Approximation Schemes}},
  howpublished = {Available at~\href{http://arxiv.org/abs/0911.4108}{arxiv:0911.4108}
	},
  month = {November},
  year = {2009},
  archiveprefix = {arXiv},
  eprint = {0911.4108}
}

@MISC{Gittens2009b,
  author = {A. Gittens and J. A. Tropp},
  title = {{Error Bounds for Random Matrix Approximation Schemes}},
  howpublished = {Available at~\href{http://arxiv.org/abs/0911.4108}{arxiv:0911.4108}
	},
  month = {September},
  year = {2009},
  archiveprefix = {arXiv},
  eprint = {0911.4108}
}

@MISC{Gittens2009c,
  author = {A. Gittens and J. A. Tropp},
  title = {{Error Bounds for Random Matrix Approximation Schemes}},
  howpublished = {Available at~\href{http://arxiv.org/abs/0911.4108}{arxiv:0911.4108}
	},
  month = {September},
  year = {2009},
  archiveprefix = {arXiv},
  eprint = {0911.4108}
}

@MISC{GT09,
  author = {A. Gittens and J. A. Tropp},
  title = {{Error Bounds for Random Matrix Approximation Schemes}},
  howpublished = {Available at~\href{http://arxiv.org/abs/0911.4108}{arxiv:0911.4108}
	},
  month = {November},
  year = {2009},
  archiveprefix = {arXiv},
  eprint = {0911.4108}
}

@MISC{matrix:sparsification:Tropp,
  author = {A. Gittens and J. A. Tropp},
  title = {{Error Bounds for Random Matrix Approximation Schemes}},
  howpublished = {Available at~\href{http://arxiv.org/abs/0911.4108}{arxiv:0911.4108}
	},
  month = {September},
  year = {2009},
  archiveprefix = {arXiv},
  eprint = {0911.4108}
}

@ARTICLE{Golden1965,
  author = {Golden, S. },
  title = {{Lower Bounds for the Helmholtz Function}},
  journal = {Phys. Rev.},
  year = {1965},
  volume = {137},
  pages = {B1127--B1128},
  number = {4B},
  doi = {10.1103/PhysRev.137.B1127},
  numpages = {1},
  publisher = {American Physical Society}
}

@ARTICLE{ineq:trace_exp:Golden,
  author = {Golden, S. },
  title = {{Lower Bounds for the Helmholtz Function}},
  journal = {Phys. Rev.},
  year = {1965},
  volume = {137},
  pages = {B1127--B1128},
  number = {4B},
  doi = {10.1103/PhysRev.137.B1127},
  numpages = {1},
  publisher = {American Physical Society}
}

@INPROCEEDINGS{rank_one_update:Golub,
  author = {Golub, G.~H.},
  title = {{Some Modified Eigenvalue Problems}},
  booktitle = {{Conference on Applications of Numerical Analysis}},
  year = {1971},
  volume = {228},
  series = {{Lecture Notes in Mathematics}},
  pages = {56--56},
  doi = {http://dx.doi.org/10.1007/BFb0069447}
}

@ARTICLE{GZ95,
  author = {Golub, G.~H. and Zha, H.},
  title = "{The Canonical Correlations of Matrix Pairs and their Numerical Computation}",
  journal = {IMA Volumes in Mathematics and its Applications},
  year = {1995},
  volume = {69},
  pages = {27--27}
}

@BOOK{book:GVL,
  title = {{Matrix Computations}},
  publisher = {{The Johns Hopkins University Press}},
  year = {1996},
  author = {G.~H. Golub and C. F. Van Loan},
  edition = {{Third}},
  abstract = {{<P>Revised and updated, the third edition of Golub and Van Loan's
	classic text in computer science provides essential information about
	the mathematical background and algorithmic skills required for the
	production of numerical software. This new edition includes thoroughly
	revised chapters on matrix multiplication problems and parallel matrix
	computations, expanded treatment of CS decomposition, an updated
	overview of floating point arithmetic, a more accurate rendition
	of the modified Gram-Schmidt process, and new material devoted to
	GMRES, QMR, and other methods designed to handle the sparse unsymmetric
	linear system problem.</P>}},
  howpublished = {Paperback},
  isbn = {0801854148},
  keywords = {compsci, cs, linearalgebra, math, mathematics, matrix}
}

@BOOK{Golub1996,
  title = {{Matrix Computations}},
  publisher = {{The Johns Hopkins University Press}},
  year = {1996},
  author = {G. H. Golub and C. F. Van Loan},
  edition = {{Third}},
  abstract = {{<P>Revised and updated, the third edition of Golub and Van Loan's
	classic text in computer science provides essential information about
	the mathematical background and algorithmic skills required for the
	production of numerical software. This new edition includes thoroughly
	revised chapters on matrix multiplication problems and parallel matrix
	computations, expanded treatment of CS decomposition, an updated
	overview of floating point arithmetic, a more accurate rendition
	of the modified Gram-Schmidt process, and new material devoted to
	GMRES, QMR, and other methods designed to handle the sparse unsymmetric
	linear system problem.</P>}},
  howpublished = {Paperback},
  isbn = {0801854148},
  keywords = {compsci, cs, linearalgebra, math, mathematics, matrix},
  url = {http://www.amazon.com/exec/obidos/redirect?tag=citeulike07-20&path=ASIN/0801854148}
}

@BOOK{book:spectral,
 author = {Kannan, R. and Vempala, S.},
 title = "{Spectral Algorithms}",
 journal = {Found. Trends Theor. Comput. Sci.},
 volume = {4},
 year = {2009},
 issn = {1551-305X},
 pages = {157--288},
 numpages = {132},
 url = {http://dx.doi.org/10.1561/0400000025},
 doi = {10.1561/0400000025},
 acmid = {1640471},
 publisher = {Now Publishers Inc.},
} 


@PHDTHESIS{scott_phd,
  author = {S. Graham},
  title = {Issues in the Convergence of Control with Communication and Computation},
  school = {University of Illinois, Urbana-Champaign},
  year = {2004},
  address = {Urbana,IL}
}

@INPROCEEDINGS{scott,
  author = {S. Graham and P. R. Kumar},
  title = {{Time in General-purpose Control Systems: The Control Time Protocol
	and an experimental evaluation}},
  booktitle = CDC,
  year = {2004},
  pages = {4004--4009},
  address = {Bahamas},
  month = {Dec.}
}

@INPROCEEDINGS{convergence,
  author = {S. Graham and P. R. Kumar},
  title = {{The Convergence of Control, Communication, and Computation}},
  booktitle = {Proceedings of Personal Wireless Communication},
  year = {2003},
  pages = {458--475},
  address = {Heidelberg},
  month = {Oct.},
  publisher = {Springer-Verlag}
}

@ARTICLE{chernoff:matrix_valued:Gross,
  author = {Gross, D.},
  title = {{Recovering Low-Rank Matrices From Few Coefficients in Any Basis}},
  journal = {IEEE Transactions on Information Theory},
  year = {2011},
  volume = {57},
  pages = {1548 -1566},
  number = {3},
  doi = {10.1109/TIT.2011.2104999},
  issn = {0018-9448}
}


@MISC{chernoff:matrix_valued:Bernstein:Gross,
  author = {D. Gross and Y.-K. Liu and S. T. Flammia and S. Becker and J. Eisert},
  title = {{Quantum State Tomography via Compressed Sensing}},
  howpublished = {Available at~\href{http://arxiv.org/abs/0909.3304}{0909.3304}},
  month = {September},
  year = {2009},
  archiveprefix = {arXiv},
  eprint = {0909.3304}
}

@MISC{Gross2009,
  author = {D. Gross and Y.-K. Liu and S. T. Flammia and S. Becker and J. Eisert},
  title = {{Quantum State Tomography via Compressed Sensing}},
  howpublished = {Available at~\href{http://arxiv.org/abs/0909.3304}{0909.3304}},
  month = {September},
  year = {2009},
  archiveprefix = {arXiv},
  eprint = {0909.3304}
}

@MISC{Gross2009a,
  author = {D. Gross and Y.-K. Liu and S. T. Flammia and S. Becker and J. Eisert},
  title = {{Quantum State Tomography via Compressed Sensing}},
  howpublished = {Available at~\href{http://arxiv.org/abs/0909.3304}{0909.3304}},
  month = {September},
  year = {2009},
  archiveprefix = {arXiv},
  eprint = {0909.3304}
}

@ARTICLE{Gu:update,
  author = {Gu, M. and Eisenstat, S. C.},
  title = {{A Stable and Efficient Algorithm for the Rank-One Modification of
	the Symmetric Eigenproblem}},
  journal = {SIAM J. Matrix Anal. Appl.},
  year = {1994},
  volume = {15},
  pages = {1266--1276},
  issn = {0895-4798},
  issue = {4},
  numpages = {11},
  publisher = SIAM
}

@INPROCEEDINGS{gupta_connectivity,
  author = {P. Gupta and P. R. Kumar},
  title = {{Critical Power for Asymptotic Connectivity}},
  booktitle = CDC,
  year = {1998},
  pages = {1106--1110},
  address = {Tampa, FL},
  month = {Dec.}
}

@ARTICLE{technion,
  author = {O. Gurewitz and I. Cidon and M. Sidi},
  title = {One-way delay estimation using network-wide measurements},
  journal = {IEEE/ACM Transactions on Networking},
  year = {2006},
  volume = {14},
  pages = {2710--2724},
  month = {Jun.}
}

@ARTICLE{GE03,
  author = {Guyon,, I. and Elisseeff,, A.},
  title = {An introduction to variable and feature selection},
  journal = {Journal of Machince Learning Research},
  year = {2003},
  volume = {3},
  pages = {1157--1182}
}

@INPROCEEDINGS{GGBD05,
  author = {I. {Guyon} and S. {Gunn} and A. {Ben-Hur} and G. {Dror}},
  title = {{Result Analysis of the NIPS 2003 Feature Selection Challenge}},
  booktitle = NIPS,
  year = {2005}
}

@BOOK{book:SDD_Young,
  title = {{Applied Iterative Methods}},
  publisher = {Academic Press},
  year = {1981},
  author = {L.A. Hageman and D.M. Young},
  number = {4},
  pages = {386},
  isbn = {9780486434773}
}

@BOOK{Hageman1981,
  title = {{Applied Iterative Methods}},
  publisher = {Academic Press},
  year = {1981},
  author = {L.A. Hageman and D.M. Young},
  number = {4},
  pages = {386},
  isbn = {9780486434773}
}

@ARTICLE{HMT,
  author = {N.~Halko and P.~G.~Martinsson and J.~A.~Tropp},
  title = "{Finding Structure with Randomness: Probabilistic Algorithms for Constructing
	Approximate Matrix Decompositions}",
  journal = {SIAM Review},
  year = {2011},
  volume = {53},
  pages = {217--288},
  number = {2}
}

@INPROCEEDINGS{HM04,
  author = {Har-Peled,, S. and Mazumdar,, S.},
  title = {{On Coresets for $k$-means and $k$-median Clustering}},
  booktitle = STOC,
  year = {2004}
}

@INPROCEEDINGS{PK05,
  author = {S. {Har-Peled} and A. Kushal},
  title = {{Smaller Coresets for $k$-Median and $k$-Means Clustering}},
  booktitle = SOCG,
  year = {2005}
}

@BOOK{Har75,
  title = {{Clustering algorithms}},
  publisher = {John Wiley \& Sons},
  year = {1975},
  author = {Hartigan, J.~A.}
}

@ARTICLE{sde_numerical,
  author = {D. Higham},
  title = {An algorithmic introduction to numerical simulation of stochastic
	differential equations},
  journal = {SIAM Review},
  year = {2001},
  volume = {43},
  pages = {525--546},
  number = {3}
}

@BOOK{book:Higham:Matrix_fcn,
  title = {{Functions of Matrices: {Theory} and Computation}},
  publisher = SIAM,
  year = {2008},
  author = {N. J. Higham},
  pages = {xx+425},
  isbn = {978-0-898716-46-7}
}

@BOOK{Higham2008,
  title = {{Functions of Matrices: {Theory} and Computation}},
  publisher = SIAM,
  year = {2008},
  author = {N. J. Higham},
  pages = {xx+425},
  isbn = {978-0-898716-46-7}
}

@BOOK{book:matrix_analysis:HornJohnson,
  title = {{Matrix Analysis}},
  publisher = {Cambridge University Press},
  year = {1990},
  author = {R.~A.~ Horn and C.~R.~Johnson},
  asin = {0521386322},
  ean = {9780521386326},
  interhash = {a06c0f9946daf2df01187f1797a1a37c},
  intrahash = {1b74325f2fc85e84de809fad32e0ce75},
  isbn = {0521386322},
  keywords = {algebra linear matrices matrix}
}

@BOOK{Horn1990,
  title = {{Matrix Analysis}},
  publisher = {Cambridge University Press},
  year = {1990},
  author = {R. A. Horn and C. R. Johnson},
  asin = {0521386322},
  ean = {9780521386326},
  interhash = {a06c0f9946daf2df01187f1797a1a37c},
  intrahash = {1b74325f2fc85e84de809fad32e0ce75},
  isbn = {0521386322},
  keywords = {algebra linear matrices matrix}
}

@ARTICLE{Hot36,
  author = {Hotelling, H.},
  title = "{Relations between two Sets of Variates}",
  journal = {Biometrika},
  year = {1936},
  volume = {28},
  pages = {321--377},
  number = {3/4},
  publisher = {JSTOR}
}

@CONFERENCE{IM98,
  author = {Indyk, P. and Motwani, R.},
  title = {{Approximate nearest neighbors: towards removing the curse of dimensionality}},
  booktitle = STOC,
  year = {1998}
}

@MISC{LS:Ipsen12,
  author         = {Ipsen, I. and Wentworth, T.},
  title          = "{The Effect of Coherence on Sampling from Matrices with Orthonormal Columns, and Preconditioned Least Squares Problems}",
  howpublished   = {Available at~\href{http://arxiv.org/abs/1203.4809}{arxiv:1203.4809}},
  month          = {March},
  year           = {2012},
  archiveprefix  = {arXiv},
  eprint         = {1203.4809},
}

@article{LS:RCD,
  author    = {D. Leventhal and
               A. S. Lewis},
  title     = "{Randomized Methods for Linear Constraints: Convergence Rates and Conditioning}",
  journal   = {Math. Oper. Res.},
  volume    = {35},
  number    = {3},
  year      = {2010},
  pages     = {641-654},
  ee        = {http://dx.doi.org/10.1287/moor.1100.0456},
  bibsource = {DBLP, http://dblp.uni-trier.de}
}


@BOOK{jaswinski,
  title = {Stochastic Processes and Filtering Theory},
  publisher = {Academic Press},
  year = {1970},
  author = {A. Jazwinski},
  address = {New York}
}

@ARTICLE{JL84,
  author = {Johnson, W.B. and Lindenstrauss, J.},
  title = {{Extensions of Lipschitz mappings into a Hilbert space}},
  journal = {Contemporary mathematics},
  year = {1984},
  volume = {26},
  pages = {1--1},
  number = {189-206}
}

@ARTICLE{SDD:graphics:Joshi,
  author = {Joshi, P. and Meyer, M. and DeRose, T. and Green, B. and Sanocki,
	T.},
  title = {{Harmonic Coordinates for Character Articulation}},
  journal = {ACM Trans. Graph.},
  year = {2007},
  volume = {26},
  month = {July},
  acmid = {1276466},
  articleno = {71},
  doi = {http://doi.acm.org/10.1145/1276377.1276466},
  issn = {0730-0301},
  issue = {3},
  keywords = {barycentric coordinates, free form deformations, mean value coordinates,
	rigging},
  publisher = {ACM},
  url = {http://doi.acm.org/10.1145/1276377.1276466}
}

@ARTICLE{K,
  author = {S. Kaczmarz},
  title = {{Angen\"{a}herte Auflšsung von Systemen Linearer Gleichungen}},
  journal = {Bulletin International de l'AcadŽmie Polonaise des Sciences et des
	Lettres},
  year = {1937},
  volume = {35},
  pages = {355--357},
  series = {A}
}

@ARTICLE{Kaczmarz1937,
  author = {S. Kaczmarz},
  title = {{Angen\"{a}herte Auflšsung von Systemen Linearer Gleichungen}},
  journal = {Bulletin International de l'AcadŽmie Polonaise des Sciences et des
	Lettres},
  year = {1937},
  volume = {35},
  pages = {355--357},
  series = {A}
}

@ARTICLE{Kaczmarz1937a,
  author = {S. Kaczmarz},
  title = {{Angen\"{a}herte Auflösung von Systemen Linearer Gleichungen}},
  journal = {Bulletin International de l'Académie Polonaise des Sciences et des
	Lettres},
  year = {1937},
  volume = {35},
  pages = {355--357},
  series = {A}
}

@PHDTHESIS{Kale2007,
  author = {S.~Kale},
  title = {{Efficient Algorithms Using the Multiplicative Weights Update Method}},
  school = {Princeton University},
  year = {2007},
  type = {{{PhD} in Computer Science}}
}

@PHDTHESIS{phdthesis:Kale:2008,
  author = {S.~Kale},
  title = {{Efficient Algorithms Using the Multiplicative Weights Update Method}},
  school = {Princeton University},
  year = {2007},
  type = {{{PhD} in Computer Science}}
}

@ARTICLE{KKC07,
  author = {T.-K. Kim and J. Kittler and R. Cipolla},
  title = "{Discriminative Learning and Recognition of Image Set Classes using
	Canonical Correlations}",
  journal = {IEEE Trans. Pattern Anal. Mach. Intell.},
  year = {2007},
  volume = {29},
  pages = {1005-1018},
  number = {6},
  bibsource = {DBLP, http://dblp.uni-trier.de},
  ee = {http://doi.ieeecomputersociety.org/10.1109/TPAMI.2007.1037}
}

@BOOK{numerical,
  title = {Numerical solution of stochastic differential equations},
  publisher = {Springer-Verlag},
  year = {2009},
  author = {P. Kloeden and E. Platen}
}

@BOOK{book:knuthVol2,
  title = {{Art of Computer Programming, Volume 2: Seminumerical Algorithms
	(3rd Edition)}},
  publisher = {Addison-Wesley Professional},
  year = {1997},
  author = {Knuth, D.E.},
  edition = {3},
  month = {Nov.},
  howpublished = {Hardcover},
  isbn = {0201896842},
  priority = {0}
}

@ARTICLE{kopetz,
  author = {H. Kopetz and W. Ochsenreiter},
  title = {Clock Synchronization in Distributed Real-Time Systems},
  journal = {IEEE Transactions on Computers},
  year = {1987},
  volume = {36},
  pages = {933--939},
  number = {8},
  month = {Aug.}
}

@INPROCEEDINGS{Koutis2010,
  author = {I. Koutis and G. L. Miller and R. Peng},
  title = {{Approaching Optimality for Solving SDD Systems}},
  booktitle = FOCS,
  year = {2010},
  bib2html_rescat = {Linear Algebra,Spectral Graph Theory}
}

@INPROCEEDINGS{KoutisApproaching_2010,
  author = {I. Koutis and G. L. Miller and R. Peng},
  title = {{Approaching Optimality for Solving SDD Systems}},
  booktitle = FOCS,
  year = {2010},
  bib2html_rescat = {Linear Algebra,Spectral Graph Theory},
  url = {http://arxiv.org/abs/1003.2958v3}
}

@INPROCEEDINGS{Koutis2009,
  author = {Koutis, I. and Miller, G. L. and Tolliver, D.},
  title = {{Combinatorial Preconditioners and Multilevel Solvers for Problems
	in Computer Vision and Image Processing}},
  booktitle = ISVC,
  year = {2009},
  pages = {1067--1078},
  acmid = {1696237},
  doi = {http://dx.doi.org/10.1007/978-3-642-10331-5_99},
  isbn = {978-3-642-10330-8},
  numpages = {12}
}

@INPROCEEDINGS{SDD:vision:Koutis,
  author = {Koutis, I. and Miller, G. L. and Tolliver, D.},
  title = {{Combinatorial Preconditioners and Multilevel Solvers for Problems
	in Computer Vision and Image Processing}},
  booktitle = ISVC,
  year = {2009},
  pages = {1067--1078},
  acmid = {1696237},
  doi = {http://dx.doi.org/10.1007/978-3-642-10331-5_99},
  isbn = {978-3-642-10330-8},
  numpages = {12},
  url = {http://dx.doi.org/10.1007/978-3-642-10331-5_99}
}

@INPROCEEDINGS{KSS04,
  author = {Kumar,, A. and Sabharwal,, Y. and Sen,, S.},
  title = {{A Simple Linear Time ($1+\epsilon$)-Approximation Algorithm for
	k-Means Clustering in Any Dimensions}},
  booktitle = FOCS,
  year = {2004}
}

@ARTICLE{lamport,
  author = {L. Lamport},
  title = {{Time, Clocks and the Ordering of Events in a Distributed System}},
  journal = {Communications of the ACM},
  year = {1978},
  volume = {21},
  pages = {558--565},
  number = {7},
  month = {Jul.}
}

@ARTICLE{expander:AlonRoichman:RusLan,
  author = {Z. Landau and A. Russell},
  title = {{Random {C}ayley Graphs are Expanders: a simplified proof of the
	{A}lon-{R}oichman theorem}},
  journal = {The Electronic Journal of Combinatorics},
  year = {2004},
  volume = {11},
  number = {1},
  file = {v11i1r62.pdf:http\://www.combinatorics.org/Volume_11/PDF/v11i1r62.pdf:PDF;v11i1r62.ps:http\://www.combinatorics.org/Volume_11/PostScriptfiles/v11i1r62.ps:PostScript}
}

@BOOK{book:LedouxTalagrand,
  title = {{Probability in {B}anach Spaces}},
  publisher = {Springer-Verlag},
  year = {1991},
  author = {Ledoux, M. and Talagrand, M.},
  volume = {23},
  pages = {xii+480},
  series = {{Ergebnisse der Mathematik und ihrer Grenzgebiete (3)}},
  note = {{Isoperimetry and Processes}},
  isbn = {3-540-52013-9}
}

@INPROCEEDINGS{modelbased_clocksync,
  author = {M. Lemmon and J. Ganguly and L. Xia},
  title = {{Model-based Clock Synchronization in Networks with Drifting Clocks}},
  booktitle = {Proceedings of the Pacific Rim International Symposium on Dependable
	Computing},
  year = {2000},
  pages = {177--184}
}

@ARTICLE{LAMCS11,
  author = { B. Li and M. Ayazoglu and T. Mao and O. I. Camps and M. Sznaier},
  title = "{Activity Recognition using Dynamic Subspace Angles}",
  journal = {Computer Vision and Pattern Recognition, IEEE Computer Society Conference
	on},
  year = {2011},
  volume = {0},
  pages = {3193-3200},
  address = {Los Alamitos, CA, USA},
  doi = {http://doi.ieeecomputersociety.org/10.1109/CVPR.2011.5995672},
  isbn = {978-1-4577-0394-2},
  publisher = {IEEE Computer Society}
}

@ARTICLE{avg_consensus,
  author = {Q. Li and D. Rus},
  title = {Global Clock Synchronization in Sensor Networks},
  journal = {IEEE Transactions on Computers},
  year = {2006},
  volume = {55},
  pages = {214--226}
}

@INPROCEEDINGS{barooah_MJLS,
  author = {C. Liao and P. Barooah},
  title = {{Time Synchronization in Mobile Sensor Networks from Relative Measurements}},
  booktitle = CDC,
  year = {2010},
  pages = {2118--2123},
  address = {Atlanta, GA},
  month = {Dec.}
}

@INPROCEEDINGS{FJLT_walsh,
  author = {E. Liberty and N. Ailon and A. Singer},
  title = {{Dense Fast Random Projections and Lean Walsh Transforms}},
  booktitle = RANDOM,
  year = {2008},
  pages = {512--522},
  doi = {http://dx.doi.org/10.1007/978-3-540-85363-3\_40},
  isbn = {978-3-540-85362-6},
  location = {Boston, MA, USA}
}

@ARTICLE{LZ09,
  author = {Liberty, E. and Zucker, S.W.},
  title = {{The Mailman algorithm: A note on matrix-vector multiplication}},
  journal = {Information Processing Letters},
  year = {2009},
  volume = {109},
  pages = {179--182},
  number = {3},
  publisher = {Elsevier}
}


@ARTICLE{matrixvector:mailman,
  author = {E. Liberty and S. W. Zucker},
  title = {{The Mailman Algorithm: A Note on Matrix-vector Multiplication}},
  journal = {Inf. Process. Lett.},
  year = {2009},
  volume = {109},
  pages = {179--182},
  number = {3},
  bibsource = {DBLP, http://dblp.uni-trier.de},
  ee = {http://dx.doi.org/10.1016/j.ipl.2008.09.028}
}

@ARTICLE{tutorial,
  author = {X. Lin and N. Shroff and R. Srikant},
  title = {A tutorial on cross-layer optimization in wireless networks},
  journal = {IEEE Selected Areas of Communications},
  year = {2006},
  volume = {14},
  pages = {1452--1463},
  number = {3}
}

@ARTICLE{Linial2006,
  author = {N. Linial and I. Novik},
  title = {{How Neighborly Can a Centrally Symmetric Polytope Be?}},
  journal = {{Discrete Comput. Geom.}},
  year = {2006},
  volume = {36},
  pages = {273--281},
  number = {2},
  doi = {http://dx.doi.org/10.1007/s00454-006-1235-1},
  issn = {0179-5376},
}

@ARTICLE{Linial2006a,
  author = {N. Linial and I. Novik},
  title = {{How Neighborly Can a Centrally Symmetric Polytope Be?}},
  journal = {{Discrete Comput. Geom.}},
  year = {2006},
  volume = {36},
  pages = {273--281},
  number = {2},
  doi = {http://dx.doi.org/10.1007/s00454-006-1235-1},
  issn = {0179-5376},
  publisher = {Springer-Verlag New York, Inc.}
}

@ARTICLE{LinialNovik:polytopes,
  author = {N. Linial and I. Novik},
  title = {{How Neighborly Can a Centrally Symmetric Polytope Be?}},
  journal = {{Discrete Comput. Geom.}},
  year = {2006},
  volume = {36},
  pages = {273--281},
  number = {2},
  doi = {http://dx.doi.org/10.1007/s00454-006-1235-1},
  issn = {0179-5376},
  publisher = {Springer-Verlag New York, Inc.}
}

@ARTICLE{Llo82,
  author = {Lloyd, S.},
  title = {{Least squares quantization in PCM}},
  journal = {IEEE Transactions on Information Theory},
  year = {1982},
  volume = {28},
  pages = {129--137},
  number = {2}
}

@ARTICLE{Lloyd1982,
  author = {Lloyd, S.},
  title = {{Least squares quantization in PCM}},
  journal = {IEEE Transactions on Information Theory},
  year = {1982},
  volume = {28},
  pages = {129--137},
  number = {2}
}

@ARTICLE{expander:AlonRoichman:SchulLoh,
  author = {P.-S. Loh and L. J. Schulman},
  title = {{Improved Expansion of Random {C}ayley Graphs}},
  journal = {Discrete Mathematics and Theoretical Computer Science},
  year = {2004},
  volume = {6},
  pages = {523-528},
  number = {2},
  keywords = {expander graphs, Cayley graphs, second eigenvalue, logarithmic generators},
  url = {http://www.dmtcs.org/volumes/abstracts/dm060222.abs.html}
}

@ARTICLE{Loh2004,
  author = {P.-S. Loh and L. J. Schulman},
  title = {{Improved Expansion of Random {C}ayley Graphs}},
  journal = {Discrete Mathematics and Theoretical Computer Science},
  year = {2004},
  volume = {6},
  pages = {523-528},
  number = {2},
  keywords = {expander graphs, Cayley graphs, second eigenvalue, logarithmic generators}
}

@BOOK{luenberger,
  title = {{Optimization by Vector Space Methods}},
  publisher = {John Wiley and Sons},
  year = {1969},
  author = {D. Luenberger}
}

@ARTICLE{khintchine:LP86,
  author = {Lust-Piquard, F.},
  title = {In\'egalit\'es de {K}hintchine dans {$C_p~(1<p<\infty)$}},
  journal = {C. R. Acad. Sci. Paris S\'{e}r. I Math.},
  year = {1986},
  volume = {303},
  pages = {289--292},
  number = {7},
  coden = {CASMEI},
  fjournal = {Comptes Rendus des S\'{e}ances de l'Acad\'{e}mie des Sciences. S\'erie
	I. Math\'ematique},
  issn = {0249-6291},
  mrclass = {47B10 (47D25 60B11)},
  mrnumber = {MR859804 (87j:47032)},
  mrreviewer = {Werner Linde}
}

@ARTICLE{Lust-Piquard1986,
  author = {Lust-Piquard, F.},
  title = {In\'egalit\'es de {K}hintchine dans {$C_p~(1<p<\infty)$}},
  journal = {C. R. Acad. Sci. Paris S\'{e}r. I Math.},
  year = {1986},
  volume = {303},
  pages = {289--292},
  number = {7},
  coden = {CASMEI},
  fjournal = {Comptes Rendus des S\'{e}ances de l'Acad\'{e}mie des Sciences. S\'erie
	I. Math\'ematique},
  issn = {0249-6291},
  mrclass = {47B10 (47D25 60B11)},
  mrnumber = {MR859804 (87j:47032)},
  mrreviewer = {Werner Linde}
}

@ARTICLE{Lust-Piquard1986a,
  author = {Lust-Piquard, F.},
  title = {In\'egalit\'es de {K}hintchine dans {$C_p~(1<p<\infty)$}},
  journal = {C. R. Acad. Sci. Paris S\'{e}r. I Math.},
  year = {1986},
  volume = {303},
  pages = {289--292},
  number = {7},
  coden = {CASMEI},
  fjournal = {Comptes Rendus des S\'{e}ances de l'Acad\'{e}mie des Sciences. S\'erie
	I. Math\'ematique},
  issn = {0249-6291},
  mrclass = {47B10 (47D25 60B11)},
  mrnumber = {MR859804 (87j:47032)},
  mrreviewer = {Werner Linde}
}

@ARTICLE{khintchine:Pisier,
  author = {F. Lust-Piquard and G. Pisier},
  title = {{Non Commutative Khintchine and Paley Inequalities}},
  journal = {Arkiv f\"{o}r Matematik},
  year = {1991},
  volume = {29},
  pages = {241-260},
  number = {1-2},
  month = {December},
  ee = {http://dx.doi.org/10.1007/BF02384340}
}

@ARTICLE{Lust-Piquard1991,
  author = {F. Lust-Piquard and G. Pisier},
  title = {{Non Commutative Khintchine and Paley Inequalities}},
  journal = {Arkiv f\"{o}r Matematik},
  year = {1991},
  volume = {29},
  pages = {241-260},
  number = {1-2},
  month = {December},
  ee = {http://dx.doi.org/10.1007/BF02384340}
}

@ARTICLE{Lust-Piquard1991a,
  author = {F. Lust-Piquard and G. Pisier},
  title = {{Non Commutative Khintchine and Paley Inequalities}},
  journal = {Arkiv f\"{o}r Matematik},
  year = {1991},
  volume = {29},
  pages = {241-260},
  number = {1-2},
  month = {December},
  ee = {http://dx.doi.org/10.1007/BF02384340}
}

@ARTICLE{Mag10,
  author = {M.~Magdon-Ismail},
  title = {Row Sampling for Matrix Algorithms via a Non-Commutative Bernstein
	Bound},
  journal = {ArXiv:1008.0587},
  year = {2010}
}

@ARTICLE{magen07,
  author = {A. Magen},
  title = {{Dimensionality Reductions in $\ell_2$ that Preserve Volumes and
	Distance to Affine Spaces}},
  journal = {{Discrete {\&} Computational Geometry}},
  year = {2007},
  volume = {38},
  pages = {139--153},
  number = {1},
  bibsource = {DBLP, http://dblp.uni-trier.de},
  ee = {http://dx.doi.org/10.1007/s00454-007-1329-4}
}

@ARTICLE{Magen2007,
  author = {A. Magen},
  title = {{Dimensionality Reductions in $\ell_2$ that Preserve Volumes and
	Distance to Affine Spaces}},
  journal = {{Discrete {\&} Computational Geometry}},
  year = {2007},
  volume = {38},
  pages = {139--153},
  number = {1},
  bibsource = {DBLP, http://dblp.uni-trier.de},
  ee = {http://dx.doi.org/10.1007/s00454-007-1329-4}
}

@INPROCEEDINGS{avner,
  author = {A. Magen},
  title = {{Dimensionality Reductions That Preserve Volumes and Distance to
	Affine Spaces, and Their Algorithmic Applications}},
  booktitle = RANDOM,
  year = {2002},
  pages = {239--253},
  publisher = {Springer-Verlag},
  isbn = {3-540-44147-6}
}


@INPROCEEDINGS{chernoff:matrix_valued:MZ11,
  author = {A. Magen and A. Zouzias},
  title = {{Low Rank Matrix-Valued Chernoff Bounds and Approximate Matrix Multiplication}},
  booktitle = SODA,
  year = {2011},
  pages = {1422-1436},
  bibsource = {DBLP, http://dblp.uni-trier.de}
}


@INPROCEEDINGS{Magen2008,
  author = {A. Magen and A. Zouzias},
  title = {{Near Optimal Dimensionality Reductions That Preserve Volumes}},
  booktitle = RANDOM,
  year = {2008},
  pages = {523--534},
  bibsource = {DBLP, http://dblp.uni-trier.de},
  ee = {http://dx.doi.org/10.1007/978-3-540-85363-3\_41}
}

@INPROCEEDINGS{MZ08,
  author = {A. Magen and A. Zouzias},
  title = {{Near Optimal Dimensionality Reductions That Preserve Volumes}},
  booktitle = RANDOM,
  year = {2008},
  pages = {523--534},
  bibsource = {DBLP, http://dblp.uni-trier.de},
  ee = {http://dx.doi.org/10.1007/978-3-540-85363-3\_41}
}

@INPROCEEDINGS{FTSP,
  author = {M. Maroti and G. Simon and B. Kusy and A. Ledeczi},
  title = {{The Flooding Time Synchronization Protocol}},
  booktitle = {Proceedings of the International Conference on Embedded Networked
	Sensor Systems},
  year = {2004},
  pages = {39--49},
  address = {Baltimore},
  month = {Nov.}
}

@ARTICLE{taylor,
  author = {W. Massey and W. Whitt},
  title = {A probabilistic generalization of {Taylor}'s theorem},
  journal = {Statistics and Probability Letters},
  year = {1993},
  volume = {16},
  pages = {51--54}
}

@ARTICLE{FJLT_matousek,
  author = {J. Matousek},
  title = {{On Variants of the Johnson-Lindenstrauss Lemma}},
  journal = {{Random Struct. Algorithms}},
  year = {2008},
  volume = {33},
  pages = {142--156},
  number = {2},
  bibsource = {DBLP, http://dblp.uni-trier.de},
  ee = {http://dx.doi.org/10.1002/rsa.20218}
}

@ARTICLE{Matousek2008b,
  author = {J. Matousek},
  title = {{On Variants of the Johnson-Lindenstrauss Lemma}},
  journal = {{Random Struct. Algorithms}},
  year = {2008},
  volume = {33},
  pages = {142--156},
  number = {2},
  bibsource = {DBLP, http://dblp.uni-trier.de},
  ee = {http://dx.doi.org/10.1002/rsa.20218}
}

@ARTICLE{Matousek2008c,
  author = {J. Matousek},
  title = {{On Variants of the Johnson-Lindenstrauss Lemma}},
  journal = {{Random Struct. Algorithms}},
  year = {2008},
  volume = {33},
  pages = {142--156},
  number = {2},
  bibsource = {DBLP, http://dblp.uni-trier.de},
  ee = {http://dx.doi.org/10.1002/rsa.20218}
}

@MISC{matousek:BP,
  author = {J. Matousek and J. Vondrak},
  title = {{Basis Pursuit and the Johnson--Lindenstrauss Lemma}},
  year = {2008},
  url = {http://kam.mff.cuni.cz/~matousek/bp.ps}
}

@MISC{Matousek2008,
  author = {J. Matousek and J. Vondrak},
  title = {{Basis Pursuit and the Johnson--Lindenstrauss Lemma}},
  year = {2008},
  url = {http://kam.mff.cuni.cz/~matousek/bp.ps}
}

@INPROCEEDINGS{robert,
  author = {R. McCabe and N. Freris and P. R. Kumar},
  title = {{Controlled Random Access MAC for Network Utility Maximization in
	Wireless Networks}},
  booktitle = CDC,
  year = {2008},
  pages = {2350--2355},
  address = {Cancun},
  month = {Dec.}
}

@ARTICLE{Melman1997,
  author = {Melman, A.},
  title = {{A Numerical Comparison of Methods for Solving Secular Equations}},
  journal = {J. Comput. Appl. Math.},
  year = {1997},
  volume = {86},
  pages = {237--249},
  doi = {http://dx.doi.org/10.1016/S0377-0427(97)82122-X},
  issn = {0377-0427},
  issue = {1},
  keywords = {numerical comparisons, secular equation, starting points},
  numpages = {13},
  publisher = {Elsevier Science Publishers B. V.}
}

@ARTICLE{secular:survey,
  author = {Melman, A.},
  title = {{A Numerical Comparison of Methods for Solving Secular Equations}},
  journal = {J. Comput. Appl. Math.},
  year = {1997},
  volume = {86},
  pages = {237--249},
  doi = {http://dx.doi.org/10.1016/S0377-0427(97)82122-X},
  issn = {0377-0427},
  issue = {1},
  keywords = {numerical comparisons, secular equation, starting points},
  numpages = {13},
  publisher = {Elsevier Science Publishers B. V.},
  url = {http://dx.doi.org/10.1016/S0377-0427(97)82122-X}
}

@ARTICLE{NTP,
  author = {D. L. Mills},
  title = {{Internet Time Synchronization: the Network Time Protocol}},
  journal = {IEEE Transactions on Communications},
  year = {1991},
  volume = {39},
  pages = {1482--1493},
  number = {10},
  month = {Oct.}
}

@ARTICLE{Dvoretsky:Milman,
  author = {V.~D. Milman},
  title = {{A new Proof of A. Dvoretzky's Theorem on Cross-sections of Convex
	Bodies}},
  journal = {{Funkcional. Anal. i Prilozhen.}},
  year = {1971},
  volume = {5},
  pages = {28--37},
  number = {4}
}

@ARTICLE{chernoff:matrix_valued:Azuma_Naor,
  author = {Naor, A.},
  title = "{On the Banach-Space-Valued Azuma Inequality and Small-Set Isoperimetry
	of Alon-–Roichman Graphs}",
  journal = {Combinatorics, Probability and Computing},
  year = {2011},
  volume = {FirstView},
  pages = {1-12},
  number = { },
  doi = {10.1017/S0963548311000757}
}

@MISC{graph:sparsification:Naor,
  author = {A. Naor},
  title = {{Sparse Quadratic Forms and their Geometric Applications (after Batson,
	Spielman and Srivastava)}},
  howpublished = {Available at~\href{http://arxiv.org/abs/1101.4324}{arxiv:1101.4324}
	},
  month = {January},
  year = {2011},
  archiveprefix = {arXiv},
  eprint = {1101.4324}
}

@MISC{Naor2011,
  author = {A. Naor},
  title = {{Sparse Quadratic Forms and their Geometric Applications (after Batson,
	Spielman and Srivastava)}},
  howpublished = {Available at~\href{http://arxiv.org/abs/1101.4324}{arxiv:1101.4324}
	},
  month = {January},
  year = {2011},
  archiveprefix = {arXiv},
  eprint = {1101.4324}
}

@MISC{Naor2010,
  author = {A. Naor},
  title = {{On the Banach Space Valued Azuma Inequality and Small set Isoperimetry
	of Alon-Roichman Graphs}},
  howpublished = {To Appear in Combinatorics, Probability and Computing. Available
	at~\href{http://arxiv.org/abs/1009.5695}{arxiv:1009.5695} },
  month = {September},
  year = {2010}
}

@ARTICLE{Needell09,
  author = {D. Needell},
  title = {{Randomized Kaczmarz Solver for Noisy Linear Systems}},
  journal = {Bit Numerical Mathematics},
  year = {2010},
  volume = {50},
  pages = {395--403},
  number = {2}
}

@ARTICLE{chernoff:matrix_valued:opt:Nemirovski,
  author = {Nemirovski, A.},
  title = {{Sums of Random Symmetric Matrices and Quadratic Optimization under
	Orthogonality Constraints}},
  journal = {Mathematical Programming},
  year = {2007},
  volume = {109},
  pages = {283--317},
  number = {2},
  doi = {http://dx.doi.org/10.1007/s10107-006-0033-0},
  issn = {0025-5610}
}

@ARTICLE{Nemirovski2007,
  author = {Nemirovski, A.},
  title = {{Sums of Random Symmetric Matrices and Quadratic Optimization under
	Orthogonality Constraints}},
  journal = {Mathematical Programming},
  year = {2007},
  volume = {109},
  pages = {283--317},
  number = {2},
  doi = {http://dx.doi.org/10.1007/s10107-006-0033-0},
  issn = {0025-5610}
}

@INPROCEEDINGS{low_rank:STOC09,
  author = {N. H. Nguyen and T. T. Do and T. D. Tran},
  title = {{A Fast and Efficient Algorithm for Low-rank Approximation of a Matrix}},
  booktitle = STOC,
  year = {2009},
  pages = {215-224},
  bibsource = {DBLP, http://dblp.uni-trier.de},
  ee = {http://doi.acm.org/10.1145/1536414.1536446}
}


@MISC{drineas:tensor_sparsification,
  author = {N. H. Nguyen and P. Drineas and T. D. Tran},
  title = {{Tensor Sparsification via a Bound on the Spectral Norm of Random
	Tensors}},
  howpublished = {Available at~\href{http://arxiv.org/abs/1005.4732}{arxiv:1005.4732}
	},
  month = {May},
  year = {2010},
  archiveprefix = {arXiv},
  eprint = {1005.4732}
}


@INPROCEEDINGS{rambo,
  author = {J. Ni and B. Tan and R. Srikant},
  title = {{{Q-CSMA}: Queue-Length Based {CSMA/CA} Algorithms for Achieving
	Maximum Throughput and Low Delay in Wireless Networks}},
  booktitle = {Proceedings of the 29th IEEE Conference on Computer Communications},
  year = {2010},
  pages = {1--5},
  month = {March}
}

@INPROCEEDINGS{OR99,
  author = {R. Ostrovsky and Y. Rabani},
  title = {{Polynomial Time Approximation Schemes for Geometric $k$-clustering}},
  booktitle = FOCS,
  year = {2000}
}

@INPROCEEDINGS{ORSS06,
  author = {Ostrovsky, R. and Rabani, Y. and Schulman, L. J. and Swamy, C.},
  title = {{The Effectiveness of Lloyd-Type Methods for the $k$-Means Problem}},
  booktitle = FOCS,
  year = {2006}
}

@BOOK{book:quasiNewton:Ostrowski,
  title = {{Solution of Equations in Euclidean and Banach Space}},
  publisher = {Academic Press},
  year = {1973},
  author = {Ostrowski, A. M.},
  edition = {{Third}},
  isbn = {978-0125302609}
}

@BOOK{Ostrowski1973,
  title = {{Solution of Equations in Euclidean and Banach Space}},
  publisher = {Academic Press},
  year = {1973},
  author = {Ostrowski, A. M.},
  edition = {{Third}},
  isbn = {978-0125302609}
}

@INCOLLECTION{expander:AlonRoichman:Pak,
  author = {Pak, I.},
  title = {{Random Cayley Graphs with $\mathcal{O}(\log |G|)$ Generators Are
	Expanders}},
  booktitle = ESA,
  year = {1999},
  pages = {698-698},
  doi = {10.1007/3-540-48481-7\_45},
  url = {http://dx.doi.org/10.1007/3-540-48481-7\_45}
}

@INPROCEEDINGS{fast_mm:dense_struct:Pan,
  author = {Pan, V. Y.},
  title = {{On some Computations with Dense Structured Matrices}},
  booktitle = ISSAC,
  year = {1989},
  pages = {34--42},
  acmid = {74546},
  doi = {http://doi.acm.org/10.1145/74540.74546},
  isbn = {0-89791-325-6},
  numpages = {9},
  url = {http://doi.acm.org/10.1145/74540.74546}
}

@INPROCEEDINGS{Pan1989,
  author = {Pan, V. Y.},
  title = {{On some Computations with Dense Structured Matrices}},
  booktitle = ISSAC,
  year = {1989},
  pages = {34--42},
  acmid = {74546},
  doi = {http://doi.acm.org/10.1145/74540.74546},
  isbn = {0-89791-325-6},
  numpages = {9}
}

@INPROCEEDINGS{complex:eigenproblem:Pan,
  author = {Pan, V. Y. and Chen, Z. Q.},
  title = {{The Complexity of the Matrix Eigenproblem}},
  booktitle = STOC,
  year = {1999},
  pages = {507--516},
  acmid = {301389},
  doi = {http://doi.acm.org/10.1145/301250.301389},
  isbn = {1-58113-067-8},
  numpages = {10},
  url = {http://doi.acm.org/10.1145/301250.301389}
}

@INPROCEEDINGS{Pan1999,
  author = {Pan, V. Y. and Chen, Z. Q.},
  title = {{The Complexity of the Matrix Eigenproblem}},
  booktitle = STOC,
  year = {1999},
  pages = {507--516},
  acmid = {301389},
  doi = {http://doi.acm.org/10.1145/301250.301389},
  isbn = {1-58113-067-8},
  numpages = {10}
}

@BOOK{book:Paulsen:dilation,
  title = {{Completely Bounded Maps and Operator Algebras}},
  publisher = {Cambridge University Press},
  year = {2004},
  author = {V. Paulsen},
  number = {78},
  pages = {xx+425},
  series = {{Cambridge Studies in Advanced Mathematics}},
  isbn = {978-0-511054-70-9}
}

@BOOK{Paulsen2004,
  title = {{Completely Bounded Maps and Operator Algebras}},
  publisher = {Cambridge University Press},
  year = {2004},
  author = {V. Paulsen},
  number = {78},
  pages = {xx+425},
  series = {{Cambridge Studies in Advanced Mathematics}},
  isbn = {978-0-511054-70-9}
}

@ARTICLE{graph:spanners:PelegS89,
  author = {Peleg, D. and Sch\"{a}ffer, A. A.},
  title = {{Graph Spanners}},
  journal = {Journal of Graph Theory},
  year = {1989},
  volume = {13},
  pages = {99--116},
  number = {1},
  doi = {10.1002/jgt.3190130114},
  issn = {1097-0118},
  publisher = {Wiley Subscription Services, Inc., A Wiley Company},
  url = {http://dx.doi.org/10.1002/jgt.3190130114}
}

@ARTICLE{Peleg1989,
  author = {Peleg, D. and Sch\"{a}ffer, A. A.},
  title = {{Graph Spanners}},
  journal = {J. of Graph Theory},
  year = {1989},
  volume = {13},
  pages = {99--116},
  number = {1},
  doi = {10.1002/jgt.3190130114},
  issn = {1097-0118},
  publisher = {Wiley Subscription Services, Inc., A Wiley Company}
}

@ARTICLE{plarre,
  author = {K. Plarre and P. R. Kumar},
  title = {Tracking Objects with Networked Scattered Directional Sensors},
  journal = {EURASIP Journal on Advances in Signal Processing},
  year = {2008},
  volume = {2008},
  note = {Article ID: 360912, 10 pages}
}

@ARTICLE{popa,
  author = {Popa, C.},
  title = {{Characterization of the Solutions Set of Inconsistent Least-squares
	Problems by an Extended Kaczmarz Algorithm}},
  journal = {Journal of Applied Mathematics and Computing},
  year = {1999},
  volume = {6},
  pages = {51-64},
  issn = {1598-5865},
  issue = {1},
  keyword = {Mathematics and Statistics},
  url = {http://dx.doi.org/10.1007/BF02941906}
}

@ARTICLE{Popa1999,
  author = {Popa, C.},
  title = {{Characterization of the Solutions Set of Inconsistent Least-squares
	Problems by an Extended Kaczmarz Algorithm}},
  journal = {Journal of Applied Mathematics and Computing},
  year = {1999},
  volume = {6},
  pages = {51-64},
  issn = {1598-5865},
  issue = {1},
  keyword = {Mathematics and Statistics},
  url = {http://dx.doi.org/10.1007/BF02941906}
}

@ARTICLE{Pre11,
  author = {William H. Press.},
  title = "{Canonical Correlation Clarified by Singular Value Decomposition}",
  year = {2011},
  note = {Preprint available on line, http://nr.com/whp/notes/CanonCorrBySVD.pdf}
}

@BOOK{fubini_ref2,
  title = {Stochastic Integration and Differential Equations},
  publisher = {Springer},
  year = {2004},
  author = {P. Protter}
}

@ARTICLE{pess_estim:Raghavan,
  author = {P. Raghavan},
  title = {{Probabilistic Construction of Deterministic Algorithms: Approximating
	Packing Integer Programs}},
  journal = {Journal of Computer and System Sciences},
  year = {1988},
  volume = {37},
  pages = {130 -- 143},
  number = {2}
}

@ARTICLE{Raghavan1988,
  author = {P. Raghavan},
  title = {{Probabilistic Construction of Deterministic Algorithms: Approximating
	Packing Integer Programs}},
  journal = {J. of Computer and System Sciences},
  year = {1988},
  volume = {37},
  pages = {130 -- 143},
  number = {2}
}

@ARTICLE{recht:simple_completion,
  author = {B. Recht},
  title = {{A Simpler Approach to Matrix Completion}},
journal = JMLR,
  year = {2011},
  month = {Dec.},
  volume = {12},
  pages = {3413 -- 3430},
  number = {}
}

@BOOK{cont_mart,
  title = {Continuous Martingales and Brownian Motion},
  publisher = {Springer},
  year = {2001},
  author = {D. Revuz and M. Yor}
}

@ARTICLE{low_rank:Tygert2008,
  author = {V. Rokhlin and A. Szlam and M. Tygert},
  title = "{A Randomized Algorithm for Principal Component Analysis}",
  journal = SIMATRIX,
  year = {2009},
  volume = {31},
  pages = {1100-1124},
  number = {3},
  doi = {10.1137/080736417},
  publisher = {SIAM},
  url = {http://link.aip.org/link/?SML/31/1100/1}
}

@BOOK{royden,
  title = {Real Analysis},
  publisher = {Prentice Hall},
  year = {1988},
  author = {H. Royden},
  address = {Stanford, CA}
}

@MISC{personal_com:Rudelson,
  author = {M. Rudelson},
  title = {{Personal Communication}},
  month = {June},
  year = {2010}
}

@MISC{Rudelson2010,
  author = {M. Rudelson},
  title = {{Personal Communication}},
  month = {June},
  year = {2010}
}

@MISC{Rudelson2010a,
  author = {M. Rudelson},
  title = {{Personal Communication}},
  month = {June},
  year = {2010}
}

@ARTICLE{rudelson:isotropic,
  author = {Rudelson, M.},
  title = {{Random Vectors in the Isotropic Position}},
  journal = {J. Funct. Anal.},
  year = {1999},
  volume = {164},
  pages = {60--72},
  number = {1},
  coden = {JFUAAW},
  doi = {10.1006/jfan.1998.3384},
  fjournal = {Journal of Functional Analysis},
  issn = {0022-1236},
  mrclass = {60G50 (46B99 47B10 47N30 60D05 60F25)},
  mrnumber = {MR1694526 (2000c:60059)},
  mrreviewer = {Fran{\c{c}}oise Lust-Piquard},
  url = {http://dx.doi.org/10.1006/jfan.1998.3384}
}

@ARTICLE{Rudelson1999,
  author = {Rudelson, M.},
  title = {{Random Vectors in the Isotropic Position}},
  journal = {J. Funct. Anal.},
  year = {1999},
  volume = {164},
  pages = {60--72},
  number = {1},
  coden = {JFUAAW},
  doi = {10.1006/jfan.1998.3384},
  fjournal = {Journal of Functional Analysis},
  issn = {0022-1236},
  mrclass = {60G50 (46B99 47B10 47N30 60D05 60F25)},
  mrnumber = {MR1694526 (2000c:60059)},
  mrreviewer = {Fran{\c{c}}oise Lust-Piquard},
  url = {http://dx.doi.org/10.1006/jfan.1998.3384}
}

@ARTICLE{Rudelson1999a,
  author = {Rudelson, M.},
  title = {{Random Vectors in the Isotropic Position}},
  journal = {J. Funct. Anal.},
  year = {1999},
  volume = {164},
  pages = {60--72},
  number = {1},
  coden = {JFUAAW},
  doi = {10.1006/jfan.1998.3384},
  fjournal = {Journal of Functional Analysis},
  issn = {0022-1236},
  mrclass = {60G50 (46B99 47B10 47N30 60D05 60F25)},
  mrnumber = {MR1694526 (2000c:60059)},
  mrreviewer = {Fran{\c{c}}oise Lust-Piquard},
  url = {http://dx.doi.org/10.1006/jfan.1998.3384}
}

@ARTICLE{Rudelson1999b,
  author = {Rudelson, M.},
  title = {{Random Vectors in the Isotropic Position}},
  journal = {J. Funct. Anal.},
  year = {1999},
  volume = {164},
  pages = {60--72},
  number = {1},
  coden = {JFUAAW},
  doi = {10.1006/jfan.1998.3384},
  fjournal = {J. of Functional Analysis},
  issn = {0022-1236},
  mrclass = {60G50 (46B99 47B10 47N30 60D05 60F25)},
  mrnumber = {MR1694526 (2000c:60059)},
  mrreviewer = {Fran{\c{c}}oise Lust-Piquard}
}

@ARTICLE{rand_matrix:VR:l2_norm_rectangular,
  author = {M. Rudelson and R. Vershynin},
  title = {{The Smallest Singular Value of a Random Rectangular Matrix}},
  journal = {Communications on Pure and Applied Mathematics},
  year = {2009},
  volume = {62},
  pages = {1707--1739},
  number = {1-2}
}

@ARTICLE{Rudelson2009,
  author = {M. Rudelson and R. Vershynin},
  title = {{The Smallest Singular Value of a Random Rectangular Matrix}},
  journal = {Communications on Pure and Applied Mathematics},
  year = {2009},
  volume = {62},
  pages = {1707--1739},
  number = {1-2}
}


@ARTICLE{lowrank:rankone:VR,
  author = {M. Rudelson and R. Vershynin},
  title = {{Sampling from Large Matrices: An Approach through Geometric Functional
	Analysis}},
  journal = SICOMP,
  year = {2007},
  volume = {54},
  pages = {21},
  number = {4},
  doi = {http://doi.acm.org/10.1145/1255443.1255449},
  issn = {0004-5411}
}

@ARTICLE{Rudelson2007,
  author = {M. Rudelson and R. Vershynin},
  title = {{Sampling from Large Matrices: An Approach through Geometric Functional
	Analysis}},
  journal = {{J. ACM}},
  year = {2007},
  volume = {54},
  pages = {21},
  number = {4},
  doi = {http://doi.acm.org/10.1145/1255443.1255449},
  issn = {0004-5411},
  publisher = ACM
}

@ARTICLE{Rudelson2007a,
  author = {M. Rudelson and R. Vershynin},
  title = {{Sampling from Large Matrices: An Approach through Geometric Functional
	Analysis}},
  journal = SICOMP,
  year = {2007},
  volume = {54},
  pages = {21},
  number = {4},
  doi = {http://doi.acm.org/10.1145/1255443.1255449},
  issn = {0004-5411}
}

@ARTICLE{RV07,
  author = {M.~Rudelson and R.~Vershynin},
  title = {Sampling from Large Matrices: An Approach through Geometric Functional
	Analysis},
  journal = {Journal of the ACM},
  year = {2007},
  volume = {54}
}

@INPROCEEDINGS{sync_overview,
  author = {B. Sadler and A. Swami},
  title = {{Synchronization in Sensor Networks: an overview}},
  booktitle = {Military Communications Conference (MILCOM)},
  year = {2006},
  pages = {1--6},
  month = {Oct.},
  publisher = {IEEE}
}


@InProceedings{sarlos,
	author = "T. Sarl\`{o}s",
	title = "{Improved Approximation Algorithms for Large Matrices via Random Projections}",
	booktitle = FOCS,
	year = "2006",
	isbn = "0-7695-2720-5",
	pages = "143--152",
	doi = "http://dx.doi.org/10.1109/FOCS.2006.37",
}

@INPROCEEDINGS{Shpilka2004,
  author = {A. Shpilka and A. Wigderson},
  title = {Derandomizing Homomorphism Testing in General Groups},
  booktitle = STOC,
  year = {2004},
  pages = {427--435},
  publisher = {ACM Press},
  eprint = {stoc:10.1145/1007352.1007421}
}

@INPROCEEDINGS{SW,
  author = {A. Shpilka and A. Wigderson},
  title = {Derandomizing Homomorphism Testing in General Groups},
  booktitle = STOC,
  year = {2004},
  pages = {427--435},
  publisher = {ACM Press},
  eprint = {stoc:10.1145/1007352.1007421}
}

@ARTICLE{dpll,
  author = {O. Simeone and U. Spagnolini},
  title = {Distributed time synchronization in wireless sensor networks with
	coupled discrete-time oscillators},
  journal = {EURASIP Journal on Wireless Communications and Networking},
  year = {2007},
  volume = {2007},
  note = {Article ID: 57054, 13 pages}
}

@ARTICLE{sn_survey,
  author = {F. Sivrikaya and B. Yener},
  title = {{Time Synchronization in Sensor Networks: a survey}},
  journal = {IEEE Network},
  year = {2004},
  volume = {18},
  pages = {45--50},
  number = {4},
  month = {Jul.-Aug.}
}

@INPROCEEDINGS{chernoff:matrix_valued:opt,
  author = {So, A. Man--Cho},
  title = {{Improved Approximation Bound for Quadratic Optimization Problems
	with Orthogonality Constraints}},
  booktitle = SODA,
  year = {2009},
  pages = {1201--1209}
}

@ARTICLE{chernoff:matrix_valued:opt:journal,
  author = {So, A. Man--Cho},
  title = {{Moment Inequalities for sums of Random Matrices and their Applications
	in Optimization}},
  journal = {Mathematical Programming},
  year = {2009},
  month = {December},
  ee = {http://www.springerlink.com/content/P74580T044204V50}
}

@INPROCEEDINGS{So2009,
  author = {So, A. Man--Cho},
  title = {{Improved Approximation Bound for Quadratic Optimization Problems
	with Orthogonality Constraints}},
  booktitle = SODA,
  year = {2009},
  pages = {1201--1209}
}

@INPROCEEDINGS{So2009a,
  author = {So, A. Man--Cho},
  title = {{Improved Approximation Bound for Quadratic Optimization Problems
	with Orthogonality Constraints}},
  booktitle = SODA,
  year = {2009},
  pages = {1201--1209}
}

@INPROCEEDINGS{solis,
  author = {R. Solis and V. Borkar and P. R. Kumar},
  title = {{A New Distributed Time Synchronization Protocol for Multihop Wireless
	Networks}},
  booktitle = CDC,
  year = {2006},
  pages = {2734--2739},
  address = {San Diego},
  month = {Dec.}
}

@BOOK{book:probmeth:Spencer,
  title = {{Ten Lectures on the Probabilistic Method}},
  publisher = SIAM,
  year = {1994},
  author = {Spencer, J.},
  edition = {{Second}}
}

@BOOK{Spencer1994,
  title = {{Ten Lectures on the Probabilistic Method}},
  publisher = SIAM,
  year = {1994},
  author = {Spencer, J.},
  edition = {{Second}}
}

@ARTICLE{Spencer:balanc_vct,
  author = {Spencer, J.},
  title = {{Balancing Vectors in the max Norm}},
  journal = {Combinatorica},
  year = {1986},
  volume = {6},
  pages = {55--65},
  acmid = {18119},
  doi = {10.1007/BF02579409},
  issn = {0209-9683},
  issue = {1},
  numpages = {11},
  url = {http://portal.acm.org/citation.cfm?id=18112.18119}
}

@ARTICLE{Spencer1986,
  author = {Spencer, J.},
  title = {{Balancing Vectors in the max Norm}},
  journal = {Combinatorica},
  year = {1986},
  volume = {6},
  pages = {55--65},
  acmid = {18119},
  doi = {10.1007/BF02579409},
  issn = {0209-9683},
  issue = {1},
  numpages = {11}
}

@ARTICLE{sixDeviation:Spencer,
  author = {J. Spencer},
  title = {{Six Standard Deviations Suffice}},
  journal = {Transactions of The American Mathematical Society},
  year = {1985},
  volume = {289},
  pages = {679--679},
  doi = {10.2307/2000258},
  masid = {1950613}
}

@ARTICLE{Spencer1985,
  author = {J. Spencer},
  title = {{Six Standard Deviations Suffice}},
  journal = {Transactions of The American Mathematical Society},
  year = {1985},
  volume = {289},
  pages = {679--679},
  doi = {10.2307/2000258},
  masid = {1950613}
}

@ARTICLE{hyperbolic_cosine:Spencer,
  author = {J. Spencer},
  title = {{Balancing Games}},
  journal = {J. Comb. Theory, Ser. B},
  year = {1977},
  volume = {23},
  pages = {68-74},
  number = {1},
  bibsource = {DBLP, http://dblp.uni-trier.de},
  ee = {http://dx.doi.org/10.1016/0095-8956(77)90057-0}
}

@ARTICLE{Spencer1977,
  author = {J. Spencer},
  title = {{Balancing Games}},
  journal = {J. Comb. Theory, Ser. B},
  year = {1977},
  volume = {23},
  pages = {68-74},
  number = {1},
  bibsource = {DBLP, http://dblp.uni-trier.de},
  ee = {http://dx.doi.org/10.1016/0095-8956(77)90057-0}
}

@INPROCEEDINGS{graph:sparsifier:ICM2010,
  author = {D. A. Spielman},
  title = {{Algorithms, Graph Theory, and Linear Equations in Laplacian Matrices}},
  booktitle = {{Proceedings of the International Congress of Mathematicians}},
  year = {2010},
  volume = {IV},
  pages = {2698--2722}
}

@INPROCEEDINGS{Spielman2010,
  author = {D. A. Spielman},
  title = {{Algorithms, Graph Theory, and Linear Equations in Laplacian Matrices}},
  booktitle = {{Proceedings of the International Congress of Mathematicians}},
  year = {2010},
  volume = {IV},
  pages = {2698--2722}
}

@INPROCEEDINGS{graph:sparsifiers:eff_resistance,
  author = {D. A. Spielman and N. Srivastava},
  title = {{Graph Sparsification by Effective Resistances}},
  booktitle = STOC,
  year = {2008},
  pages = {563--568},
  doi = {http://doi.acm.org/10.1145/1374376.1374456},
  isbn = {978-1-60558-047-0},
  location = {Victoria, British Columbia, Canada}
}

@INPROCEEDINGS{Spielman2008a,
  author = {D. A. Spielman and N. Srivastava},
  title = {{Graph Sparsification by Effective Resistances}},
  booktitle = STOC,
  year = {2008},
  doi = {http://doi.acm.org/10.1145/1374376.1374456},
  isbn = {978-1-60558-047-0}
}

@INPROCEEDINGS{Spielman2008b,
  author = {Spielman, D. A. and Srivastava, N.},
  title = {{Graph Sparsification by Effective Resistances}},
  booktitle = STOC,
  year = {2008},
  pages = {563--568},
  doi = {http://doi.acm.org/10.1145/1374376.1374456},
  isbn = {978-1-60558-047-0},
  location = {Victoria, British Columbia, Canada}
}

@article{graph:sparsifiers:SpielmanT08,
  author    = {D. A. Spielman and S.-H. Teng},
  title     = "{Spectral Sparsification of Graphs}",
  journal   = {SIAM J. Comput.},
  volume    = {40},
  number    = {4},
  year      = {2011},
  pages     = {981-1025},
  ee        = {http://dx.doi.org/10.1137/08074489X},
}

@INPROCEEDINGS{ST96,
  author = {D. A. Spielman and S.-Hua Teng},
  title = {{Spectral Partitioning Works: Planar Graphs and Finite Element Meshes}},
  booktitle = FOCS,
  year = {1996},
  pages = {96--105}
}

@ARTICLE{pess_estim:Srivastav,
  author = {A. Srivastav and P. Stangier},
  title = {{Algorithmic Chernoff-Hoeffding Inequalities in Integer Programming}},
  journal = {{Random Struct. Algorithms}},
  year = {1996},
  volume = {8},
  pages = {27--58},
  acmid = {227105},
  doi = {10.1002/(SICI)1098-2418(199601)8:1<27::AID-RSA2>3.0.CO;2-T},
  issn = {1042-9832},
  issue = {1},
  numpages = {32},
  publisher = {John Wiley \& Sons, Inc.},
  url = {http://portal.acm.org/citation.cfm?id=227103.227105}
}

@ARTICLE{Srivastav1996,
  author = {A. Srivastav and P. Stangier},
  title = {{Algorithmic Chernoff-Hoeffding Inequalities in Integer Programming}},
  journal = {{Random Struct. Algorithms}},
  year = {1996},
  volume = {8},
  pages = {27--58},
  acmid = {227105},
  doi = {10.1002/(SICI)1098-2418(199601)8:1<27::AID-RSA2>3.0.CO;2-T},
  issn = {1042-9832},
  issue = {1},
  numpages = {32},
  publisher = {John Wiley \& Sons, Inc.}
}

@INPROCEEDINGS{pess_estim:Srivastav_conf,
  author = {Srivastav, A. and Stangler, P.},
  title = {{On Quadratic Lattice Approximations}},
  booktitle = ISSAC,
  year = {1993},
  pages = {176--184},
  acmid = {688109},
  isbn = {3-540-57568-5},
  numpages = {9},
  url = {http://portal.acm.org/citation.cfm?id=646336.688109}
}

@INPROCEEDINGS{Srivastav1993,
  author = {Srivastav, A. and Stangler, P.},
  title = {{On Quadratic Lattice Approximations}},
  booktitle = ISSAC,
  year = {1993},
  pages = {176--184},
  acmid = {688109},
  isbn = {3-540-57568-5},
  numpages = {9}
}

@PHDTHESIS{phdthesis:Srivastava:2010,
  author = {N. Srivastava},
  title = {{Spectral Sparsification and Restricted Invertibility}},
  school = {Yale University},
  year = {2010},
  type = {{{PhD} in Computer Science}}
}

@PHDTHESIS{Srivastava2010,
  author = {N. Srivastava},
  title = {{Spectral Sparsification and Restricted Invertibility}},
  school = {Yale University},
  year = {2010},
  type = {{{PhD} in Computer Science}}
}

@BOOK{book:eigendecomp:stewart,
  title = {{Matrix Algorithms: Eigensystems}},
  publisher = SIAM,
  year = {2001},
  author = {Stewart, G. W.},
  volume = {II},
  edition = {{First}},
  month = {August},
  abstract = {{This is the second volume in a projected five-volume survey of numerical
	linear algebra and matrix algorithms. It treats the numerical solution
	of dense and large-scale eigenvalue problems with an emphasis on
	algorithms and the theoretical background required to understand
	them. The notes and reference sections contain pointers to other
	methods along with historical comments. The book is divided into
	two parts: dense eigenproblems and large eigenproblems. The first
	part gives a full treatment of the widely used QR algorithm, which
	is then applied to the solution of generalized eigenproblems and
	the computation of the singular value decomposition. The second part
	treats Krylov sequence methods such as the Lanczos and Arnoldi algorithms
	and presents a new treatment of the Jacobi-Davidson method. These
	volumes are not intended to be encyclopedic, but provide the reader
	with the theoretical and practical background to read the research
	literature and implement or modify new algorithms.}},
  isbn = {0898715032}
}

@BOOK{Stewart2001,
  title = {{Matrix Algorithms: Eigensystems}},
  publisher = SIAM,
  year = {2001},
  author = {Stewart, G. W.},
  volume = {II},
  edition = {{First}},
  abstract = {{This is the second volume in a projected five-volume survey of numerical
	linear algebra and matrix algorithms. It treats the numerical solution
	of dense and large-scale eigenvalue problems with an emphasis on
	algorithms and the theoretical background required to understand
	them. The notes and reference sections contain pointers to other
	methods along with historical comments. The book is divided into
	two parts: dense eigenproblems and large eigenproblems. The first
	part gives a full treatment of the widely used QR algorithm, which
	is then applied to the solution of generalized eigenproblems and
	the computation of the singular value decomposition. The second part
	treats Krylov sequence methods such as the Lanczos and Arnoldi algorithms
	and presents a new treatment of the Jacobi-Davidson method. These
	volumes are not intended to be encyclopedic, but provide the reader
	with the theoretical and practical background to read the research
	literature and implement or modify new algorithms.}},
  isbn = {0898715032}
}

@BOOK{book:perturbation:stewart,
  title = {{Matrix Perturbation Theory (Computer Science and Scientific Computing)}},
  publisher = {Academic Press},
  year = {1990},
  author = {G. W. Stewart and J. G. Sun},
  month = {June},
  abstract = {This book is a comprehensive survey of matrix perturbation theory,
	a topic of interest to numerical analysts, statisticians, physical
	scientists, and engineers. In particular, the authors cover perturbation
	theory of linear systems and least square problems, the eignevalue
	problem, and the generalized eignevalue problem as wellas a complete
	treatment of vector and matrix norms, including the theory of unitary
	invariant norms.},
  howpublished = {Hardcover},
  isbn = {0126702306},
  keywords = {matrix, perturbation},
  posted-at = {2007-12-04 04:10:28},
  priority = {5},
  url = {http://www.amazon.com/exec/obidos/redirect?tag=citeulike07-20&path=ASIN/0126702306}
}

@BOOK{Stewart1990,
  title = {{Matrix Perturbation Theory (Computer Science and Scientific Computing)}},
  publisher = {Academic Press},
  year = {1990},
  author = {G. W. Stewart and J. G. Sun},
  abstract = {This book is a comprehensive survey of matrix perturbation theory,
	a topic of interest to numerical analysts, statisticians, physical
	scientists, and engineers. In particular, the authors cover perturbation
	theory of linear systems and least square problems, the eignevalue
	problem, and the generalized eignevalue problem as wellas a complete
	treatment of vector and matrix norms, including the theory of unitary
	invariant norms.},
  howpublished = {Hardcover},
  isbn = {0126702306},
  keywords = {matrix, perturbation},
  posted-at = {2007-12-04 04:10:28},
  priority = {5},
  url = {http://www.amazon.com/exec/obidos/redirect?tag=citeulike07-20&path=ASIN/0126702306}
}

@BOOK{Stewart1990a,
  title = {{Matrix Perturbation Theory (Computer Science and Scientific Computing)}},
  publisher = {Academic Press},
  year = {1990},
  author = {G. W. Stewart and J. G. Sun},
  abstract = {This book is a comprehensive survey of matrix perturbation theory,
	a topic of interest to numerical analysts, statisticians, physical
	scientists, and engineers. In particular, the authors cover perturbation
	theory of linear systems and least square problems, the eignevalue
	problem, and the generalized eignevalue problem as wellas a complete
	treatment of vector and matrix norms, including the theory of unitary
	invariant norms.},
  howpublished = {Hardcover},
  isbn = {0126702306},
  keywords = {matrix, perturbation},
  posted-at = {2007-12-04 04:10:28},
  priority = {5}
}

@ARTICLE{RK,
  author = {T. Strohmer and R. Vershynin},
  title = "{A Randomized Kaczmarz Algorithm with Exponential Convergence}",
  journal = {Journal of Fourier Analysis and Applications},
  year = {2009},
  volume = {15},
  pages = {262--278},
  number = {1}
}

@INPROCEEDINGS{SV06,
  author = {T. Strohmer and R. Vershynin},
  title = "{A Randomized Solver for Linear Systems with Exponential Convergence}",
  booktitle = RANDOM,
  year = {2006},
  pages = {499–-507},
}

@BOOK{stroock,
  title = {Probability Theory: An Analytic View},
  publisher = {Cambridge University Press},
  year = {1993},
  author = {D. Stroock},
  address = {Cambridge, MA}
}

@ARTICLE{SFGT12,
  author = {Y. Su and Y. Fu and X. Gao and Q. Tian},
  title = {Discriminant Learning Through Multiple Principal Angles for Visual
	Recognition},
  journal = {Image Processing, IEEE Transactions on},
  year = {2012},
  volume = {21},
  pages = {1381 -1390},
  number = {3},
  month = {March},
  doi = {10.1109/TIP.2011.2169972},
  issn = {1057-7149}
}

@ARTICLE{sn_survey2,
  author = {B. Sundararaman and U. Buy and A. Kshemkalyani},
  title = {{Clock Synchronization for Wireless Sensor Networks: a survey}},
  journal = {Ad Hoc Networks},
  year = {2005},
  volume = {3},
  pages = {281--323},
  month = {May},
  publisher = {Elsevier}
}

@ARTICLE{ineq:trace_exp:Thompson,
  author = {C. J. Thompson},
  title = {{Inequality with Applications in Statistical Mechanics}},
  journal = {Journal of Mathematical Physics},
  year = {1965},
  volume = {6},
  pages = {1812-1813},
  number = {11},
  doi = {10.1063/1.1704727},
  publisher = {AIP},
  url = {http://link.aip.org/link/?JMP/6/1812/1}
}

@ARTICLE{Thompson1965,
  author = {C. J. Thompson},
  title = {{Inequality with Applications in Statistical Mechanics}},
  journal = {J. of Mathematical Physics},
  year = {1965},
  volume = {6},
  pages = {1812-1813},
  number = {11},
  doi = {10.1063/1.1704727},
  publisher = {AIP}
}

@BOOK{book:quasiNewton:Traub,
  title = {{Iterative Methods for the Solution of Equations}},
  publisher = {Prentice-Hall},
  year = {1982},
  author = {Traub, J. F.},
  edition = {{Second}},
  isbn = {978-0-8284-0312-2}
}

@BOOK{Traub1982,
  title = {{Iterative Methods for the Solution of Equations}},
  publisher = {Prentice-Hall},
  year = {1982},
  author = {Traub, J. F.},
  edition = {{Second}},
  isbn = {978-0-8284-0312-2}
}

@ARTICLE{Tro11,
  author = {Tropp, J.~A.},
  title = "{Improved Analysis of the Subsampled Randomized Hadamard Transform}",
  journal = {Adv. Adapt. Data Anal., special issue, ``Sparse Representation of Data and Images''},
  year = {2011}
}

@ARTICLE{chernoff:matrix_valued:Tropp,
  author = {Tropp, J.~A.},
  title = {{User-Friendly Tail Bounds for Sums of Random Matrices}},
  journal = {Foundations of Computational Mathematics},
  year = {2011},
  pages = {1-46},
  issn = {1615-3375}
}

@ARTICLE{chernoff:matrix_valued:Sparse_Tropp,
  author = {J. A. Tropp},
  title = {{On the Conditioning of Random Subdictionaries}},
  journal = {Applied and Computational Harmonic Analysis},
  year = {2008},
  volume = {25},
  pages = {1--24},
  number = {1},
  doi = {DOI: 10.1016/j.acha.2007.09.001},
  issn = {1063-5203},
  url = {http://www.sciencedirect.com/science/article/B6WB3-4PSC2CH-1/2/8a0e9a76f52b6ab2ddd22b5bc2b4e22f}
}

@ARTICLE{Tropp2008,
  author = {J. A. Tropp},
  title = {{On the Conditioning of Random Subdictionaries}},
  journal = {Applied and Computational Harmonic Analysis},
  year = {2008},
  volume = {25},
  pages = {1--24},
  number = {1},
  doi = {DOI: 10.1016/j.acha.2007.09.001},
  issn = {1063-5203}
}

@ARTICLE{expm:Trotter,
  author = {Trotter, H. F.},
  title = {{On the Product of Semi-Groups of Operators}},
  journal = {{Proceedings of the American Mathematical Society}},
  year = {1959},
  volume = {10},
  pages = {545--551},
  number = {4},
  issn = {00029939},
  publisher = AMS,
  url = {http://www.jstor.org/stable/2033649}
}

@ARTICLE{Trotter1959,
  author = {Trotter, H. F.},
  title = {{On the Product of Semi-Groups of Operators}},
  journal = {{Proceedings of the American Mathematical Society}},
  year = {1959},
  volume = {10},
  pages = {545--551},
  number = {4},
  issn = {00029939},
  publisher = AMS
}

@ARTICLE{Tsuda05,
  author = {K. Tsuda and G. R\"{a}tsch and M. K. Warmuth},
  title = {{Matrix Exponentiated Gradient Updates for on-line Learning and Bregman
	Projections}},
  journal = JMLR,
  year = {2005},
  volume = {6},
  pages = {995--1018}
}

@INPROCEEDINGS{veitch,
  author = {D. Veitch and S. Babu and Attila Pasztor},
  title = {{Robust Synchronization of Software Clocks across the Internet}},
  booktitle = {Proceedings of the 4th SIGCOMM conference on Internet measurement},
  year = {2004},
  pages = {25--27},
  address = {Sicily},
  month = {Oct.},
  publisher = {ACM}
}

@ARTICLE{random:Alias,
  author = {Vose, M. D.},
  title = {{A Linear Algorithm for Generating Random Numbers with a Given Distribution}},
  journal = {IEEE Trans. Softw. Eng.},
  year = {1991},
  volume = {17},
  pages = {972--975},
  number = {9},
  month = sep,
  acmid = {126280},
  doi = {10.1109/32.92917},
  issn = {0098-5589},
  numpages = {4},
  publisher = {IEEE Press},
  url = {http://dx.doi.org/10.1109/32.92917}
}

@ARTICLE{sampling:Walker,
  author = {Walker, A. J.},
  title = {{An Efficient Method for Generating Discrete Random Variables with
	General Distributions}},
  journal = {ACM Trans. Math. Softw.},
  year = {1977},
  volume = {3},
  pages = {253--256},
  number = {3},
  month = sep,
  acmid = {355749},
  doi = {10.1145/355744.355749},
  issn = {0098-3500},
  publisher = {ACM},
  url = {http://doi.acm.org/10.1145/355744.355749}
}

@BOOK{graph,
  title = {Introduction to Graph Theory},
  publisher = {Prentice Hall},
  year = {1996},
  author = {D. West},
  address = {Englewood Cliffs, NJ}
}

@ARTICLE{chernoff:matrix_valued:derand:WX08,
  author = {A. Wigderson and D. Xiao},
  title = {{Derandomizing the Ahlswede-Winter Matrix-valued Chernoff Bound using
	Pessimistic Estimators, and Applications}},
  journal = {Theory of Computing},
  year = {2008},
  volume = {4},
  pages = {53-76},
  number = {1},
  bibsource = {DBLP, http://dblp.uni-trier.de},
  ee = {http://dx.doi.org/10.4086/toc.2008.v004a003}
}

@ARTICLE{Wu2008,
  author = {Wu, X. and et al},
  title = {{Top 10 algorithms in data mining}},
  journal = {Knowledge and Information Systems},
  year = {2008},
  volume = {14},
  pages = {1--37},
  number = {1}
}

@ARTICLE{Wu07,
  author = {Wu, X. et al.},
  title = {{Top 10 algorithms in data mining}},
  journal = {Knowledge and Information Systems},
  year = {2008},
  volume = {14},
  pages = {1--37},
  number = {1},
  publisher = {Springer}
}

@INPROCEEDINGS{Young95,
  author = {Young, N. E.},
  title = {{Randomized Rounding without Solving the Linear Program}},
  booktitle = SODA,
  year = {1995},
  pages = {170--178},
  acmid = {313689},
  isbn = {0-89871-349-8},
  numpages = {9}
}

@MISC{matrix:hypercosine_zouzias,
  author = {A. Zouzias},
  title = {{A Matrix Hyperbolic Cosine Algorithm and Applications}},
  howpublished = {Available at~\href{http://arxiv.org/abs/1103.2793}{arxiv:1103.2793}},
  month = {March},
  year = {2011},
  archiveprefix = {arXiv},
  eprint = {1103.2793}
}

@MISC{Zouzias2011,
  author = {A. Zouzias},
  title = {{A Matrix Hyperbolic Cosine Algorithm and Applications}},
  howpublished = {Available at~\href{http://arxiv.org/abs/1103.2793}{arxiv:1103.2793}},
  month = {March},
  year = {2011},
  archiveprefix = {arXiv},
  eprint = {1103.2793}
}

@MISC{Zouzias2011a,
  author = {A. Zouzias},
  title = {{A Matrix Hyperbolic Cosine Algorithm and Applications}},
  howpublished = {Ver. 1. Available at~\href{http://arxiv.org/abs/1103.2793}{arxiv:1103.2793}},
  month = {March},
  year = {2011},
  archiveprefix = {arXiv},
  eprint = {1103.2793}
}


@InProceedings{barooah_asymmetric,
  author        = {P. Barooah and J. Hespanha and A. Swami},
  title         = "{On the effect of Asymmetric Communication on Distributed Time Synchronization}",
  booktitle     = CDC,
  address       = {New Orleans, LA},
  year          = {2007},
  month         = {Dec.},
  pages         = "5465--5471"
}



@ARTICLE{QR:Bj67,
  author = {A.~Bjork},
  title = {{Solving Least Squares Problems by Gram-Schmidt Orthogonalization}},
  journal = "{BIT}",
  year = {1967},
  volume = {7},
  pages = {1--21},
  number = {},
  doi = {DOI: 10.1016/j.acha.2007.09.001},
  issn = {1063-5203}
}

@article{QR:Kovarik,
author = {Kovarik, Z.},
title = "{Some Iterative Methods for Improving Orthonormality}",
journal = "{SIAM Journal on Numerical Analysis}",
volume = {7},
number = {3},
pages = {386-389},
year = {1970},
doi = {10.1137/0707031},
}

@article{QR:Popa,
  author    = {D. Petcu and
               C. Popa},
  title     = "{A new version of Kovarik's Approximate Orthogonalization
               Algorithm without Matrix Inversion}",
  journal   = {Int. J. Comput. Math.},
  volume    = {82},
  number    = {10},
  year      = {2005},
  pages     = {1235-1246},
  ee        = {http://dx.doi.org/10.1080/00207160512331331174},
  bibsource = {DBLP, http://dblp.uni-trier.de},
}


@article{QR:Hoffman,
 author = {Hoffmann, W.},
 title = "{Iterative Algorithms for Gram-Schmidt Orthogonalization}",
 journal = {Computing},
 issue_date = {1989},
 volume = {41},
 number = {4},
 month = mar,
 year = {1989},
 issn = {0010-485X},
 pages = {335--348},
 numpages = {14},
 url = {http://dx.doi.org/10.1007/BF02241222},
 doi = {10.1007/BF02241222},
}

@article{QR:DGKS,
     title = "{Reorthogonalization and Stable Algorithms for Updating the Gram-Schmidt QR Factorization}",
     author = {Daniel, J. W. and Gragg, W. B. and Kaufman, L. and Stewart, G. W.},
     journal = {Mathematics of Computation},
     volume = {30},
     number = {136},
     pages = {772--795},
     url = {http://www.jstor.org/stable/2005398},
     ISSN = {00255718},
     abstract = {Numerically stable algorithms are given for updating the Gram-Schmidt QR factorization of an $m \times n$ matrix $A (m \geqslant n)$ when $A$ is modified by a matrix of rank one, or when a row or column is inserted or deleted. The algorithms require $O(mn)$ operations per update, and are based on the use of elementary two-by-two reflection matrices and the Gram-Schmidt process with reorthogonalization. An error analysis of the reorthogonalization process provides rigorous justification for the correpsonding ALGOL procedures.},
     year = {1976},
     publisher = {American Mathematical Society},
}


@article{QR:Ruhe,
	author = {A. Ruhe},
	title = "{Numerical aspects of gram-schmidt orthogonalization of vectors}",
	journal = "{Linear Algebra and its Applications}",
	volume = {52/53},
	number = {0},
	pages = {591 -- 601},
	year = {1983},
	issn = {0024-3795},
	doi = {10.1016/0024-3795(83)80037-8},
	url = {http://www.sciencedirect.com/science/article/pii/0024379583800378},
}



@article {QR:parallel,
author = {Lingen, F. J.},
title = "{Efficient Gram–Schmidt Orthonormalisation on Parallel Computers}",
journal = {Communications in Numerical Methods in Engineering},
volume = {16},
number = {1},
publisher = {John Wiley & Sons},
issn = {1099-0887},
url = {http://dx.doi.org/10.1002/(SICI)1099-0887(200001)16:1<57::AID-CNM320>3.0.CO;2-I},
doi = {10.1002/(SICI)1099-0887(200001)16:1<57::AID-CNM320>3.0.CO;2-I},
pages = {57--66},
keywords = {Gram–Schmidt orthonormalization, parallel computing},
year = {2000},
}

@article{QR:USSR,
author = "V.~N. Kublanovskaya",
title = "{A Process for Improving the Orthogonalization of a Vector System}",
journal = {USSR Computational Mathematics and Mathematical Physics},
volume = "5",
number = "2",
pages = "215 - 220",
year = "1965",
issn = "0041-5553",
doi = "10.1016/0041-5553(65)90043-1",
}

@article{QR:numerics,
author = "A. Bjork",
title = "{Numerics of Gram-Schmidt Orthogonalization}",
journal = {Linear Algebra and its Applications},
volume = {197--198},
number = "0",
pages = "297 - 316",
year = "1994",
issn = "0024-3795",
doi = "10.1016/0024-3795(94)90493-6",
}

@article{QR:numericsII,
 author = {Giraud, L. and Langou, J. and Rozloznik, M. and van den Eshof, J.},
 title = "{Rounding Error Analysis of the Classical Gram-Schmidt Orthogonalization Process}",
 journal = {Numer. Math.},
 volume = {101},
 number = {1},
 year = {2005},
 issn = {0029-599X},
 pages = {87--100},
 numpages = {14},
 url = {http://dx.doi.org/10.1007/s00211-005-0615-4},
 doi = {10.1007/s00211-005-0615-4},
}




@article{ROP:CRT11,
 author = {Coakley, E. S. and Rokhlin, V. and Tygert, M.},
 title = "{A Fast Randomized Algorithm for Orthogonal Projection}",
 journal = {SIAM J. Sci. Comput.},
 volume = {33},
 number = {2},
 year = {2011},
 issn = {1064-8275},
 pages = {849--868},
 numpages = {20},
 url = {http://dx.doi.org/10.1137/090779656},
 doi = {10.1137/090779656},
 publisher = {Society for Industrial and Applied Mathematics},
}



@MISC{lra:boutsGittens,
  author         = {C. Boutsidis and A. Gittens},
  title          = "{Improved Matrix Algorithms via the Subsampled Randomized Hadamard Transform}",
  howpublished   = {Available at~\href{http://arxiv.org/abs/1204.0062}{arxiv:1204.0062}},
  month          = {March},
  year           = {2012},
  archiveprefix  = {arXiv},
  eprint         = {1204.0062},
}



@article{lra:PNAS2007,
author = {Liberty, E. and Woolfe, F. and Martinsson, P.-G. and Rokhlin, V. and Tygert, M.},
title = "{Randomized Algorithms for the Low-rank Approximation of Matrices}",
volume = {104},
number = {51},
pages = {20167--20172},
year = {2007},
doi = {10.1073/pnas.0709640104},
eprint = {http://www.pnas.org/content/104/51/20167.full.pdf+html},
journal = {Proceedings of the National Academy of Sciences}
}



@unpublished{drineas:sparsification_via_khintchine,
	title = "{Matrix Sparsification via the Khintchine Inequality}",
	author = {N. H. Nguyen and P. Drineas and T. D. Tran},
	year   = {2009},
	note = "Manuscript"
}

@article{book:Gossip:Rock,
author = {R. T. Rockafellar},
title = "{Network Flows and Monotropic Optimization}",
publisher = {Athena Scientific},
issn = {1-886529-06-X},
month = {June},
howpublished = {Hardcover, 634 pages},
year = {1998},
}


@article{gossip:TBA86,
    title = "{Distributed Asynchronous Deterministic and Stochastic Gradient Optimization Algorithms}",
    author = {Tsitsiklis, J. N. and Bertsekas, D. P. and Athans, M.},
    booktitle = {Automatic Control, IEEE Transactions on},
    doi = {10.1109/TAC.1986.1104412},
    issn = {0018-9286},
    journal = {IEEE Transactions on Automatic Control},
    month = {Sep.},
    number = {9},
    pages = {803--812},
    priority = {4},
    url = {http://dx.doi.org/10.1109/TAC.1986.1104412},
    volume = {31},
    year = {1986}
}

@article{gossip:Boyd,
 author = {Boyd, S. and Ghosh, A. and Prabhakar, B. and Shah, D.},
 title = "{Randomized Gossip Algorithms}",
 journal = {IEEE/ACM Trans. Netw.},
 volume = {14},
 number = {SI},
 year = {2006},
 issn = {1063-6692},
 pages = {2508--2530},
 numpages = {23},
 url = {http://dx.doi.org/10.1109/TIT.2006.874516},
 doi = {10.1109/TIT.2006.874516},
 acmid = {1148679},
 publisher = {IEEE Press},
}


@inproceedings{gossip:infocom,
  author    = {S. P. Boyd and
               A. Ghosh and
               B. Prabhakar and
               D. Shah},
  title     = "{Gossip Algorithms: design, analysis and applications}",
  booktitle = INFOCOM,
  year      = {2005},
  pages     = {1653-1664},
  ee        = {http://dx.doi.org/10.1109/INFCOM.2005.1498447},
  bibsource = {DBLP, http://dblp.uni-trier.de}
}


@inproceedings{gossip:Demers,
 author = {Demers, A. and Greene, D. and Hauser, C. and Irish, W. and Larson, J. and Shenker, S. and Sturgis, H. and Swinehart, D. and Terry, D.},
 title = "{Epidemic Algorithms for Replicated Database Maintenance}",
 booktitle = PODC,
 year = {1987},
 isbn = {0-89791-239-X},
 pages = {1--12},
 numpages = {12},
 url = {http://doi.acm.org/10.1145/41840.41841},
 doi = {10.1145/41840.41841},
}


@article{gossip:Pittel,
 author = {Pittel, B.},
 title = "{On Spreading a Rumor}",
 journal = {SIAM J. Appl. Math.},
 volume = {47},
 number = {1},
 year = {1987},
 issn = {0036-1399},
 pages = {213--223},
 numpages = {11},
 url = {http://dx.doi.org/10.1137/0147013},
 doi = {10.1137/0147013},
 publisher = SIAM,
}

@inproceedings{gossip:Karp,
  author    = {R. M. Karp and
               C. Schindelhauer and
               S. Shenker and
               B. V{\"o}cking},
  title     = "{Randomized Rumor Spreading}",
  booktitle = FOCS,
  year      = {2000},
  pages     = {565-574},
  ee        = {http://doi.ieeecomputersociety.org/10.1109/SFCS.2000.892324},
  bibsource = {DBLP, http://dblp.uni-trier.de}
}

@inproceedings{gossip:Kempe,
 author = {Kempe, D. and Dobra, A. and Gehrke, J.},
 title = "{Gossip-Based Computation of Aggregate Information}",
 booktitle = FOCS,
 year = {2003},
 isbn = {0-7695-2040-5},
 pages = {482--},
 url = {http://dl.acm.org/citation.cfm?id=946243.946317},
 acmid = {946317},
}


@article{gossip:astrolabe,
 author = {Van Renesse, R. and Birman, K. P. and Vogels, W.},
 title = "{Astrolabe: A robust and scalable technology for distributed system monitoring, management, and data mining}",
 journal = {ACM Trans. Comput. Syst.},
 volume = {21},
 number = {2},
 year = {2003},
 issn = {0734-2071},
 pages = {164--206},
 numpages = {43},
 url = {http://doi.acm.org/10.1145/762483.762485},
 doi = {10.1145/762483.762485},
}

@inproceedings{gossip:grouping,
 author = {Chen, J.-Y. and Pandurangan, G. and Xu, D.},
 title = "{Robust computation of aggregates in wireless sensor networks: distributed randomized algorithms and analysis}",
 booktitle = IPSN,
 year = {2005},
 isbn = {0-7803-9202-7},
 articleno = {46},
 url = {http://dl.acm.org/citation.cfm?id=1147685.1147741},
}


@inproceedings{gossip:IPSN05_Boyd,
 author = {Xiao, L. and Boyd, S. and Lall, S.},
 title = "{A Scheme for Robust Distributed Sensor Fusion based on Average Consensus}",
 booktitle = IPSN,
 year = {2005},
 isbn = {0-7803-9202-7},
 articleno = {9},
 url = {http://dl.acm.org/citation.cfm?id=1147685.1147698},
}



@inproceedings{gossip:IPSN06_LS,
 author = {Xiao, L. and Boyd, S. and Lall, S.},
 title = "{A Space-Time Diffusion Scheme for Peer-to-Peer Least-Squares Estimation}",
 booktitle = IPSN,
 year = {2006},
 isbn = {1-59593-334-4},
 pages = {168--176},
 numpages = {9},
 url = {http://doi.acm.org/10.1145/1127777.1127806},
 doi = {10.1145/1127777.1127806},
}


@article{gossip:Bolognani,
author = {Bolognani, S. and Del Favero, S. and Schenato, L. and Varagnolo, D.},
title = "{Consensus-based Distributed Sensor Calibration and Least-Square Parameter Identification in WSNs}",
journal = "{International Journal of Robust and Nonlinear Control}",
volume = {20},
number = {2},
issn = {1099-1239},
url = {http://dx.doi.org/10.1002/rnc.1452},
doi = {10.1002/rnc.1452},
pages = {176--193},
keywords = {distributed computing, sensor calibration, least-square estimation, parameter identification, consensus, wire-less sensor networks},
year = {2010},
}


@inproceedings{cayley:latin12,
 author = {Arvind, V. and Mukhopadhyay, P. and Nimbhorkar, P.},
 title = "{Erd\"{o}s-R\'{e}nyi Sequences and Deterministic Construction of Expanding Cayley Graphs}",
 booktitle = LATIN,
 year = {2012},
 isbn = {978-3-642-29343-6},
 pages = {37--48},
 numpages = {12},
 url = {http://dx.doi.org/10.1007/978-3-642-29344-3_4},
 doi = {10.1007/978-3-642-29344-3_4},
 acmid = {2247374},
}


@ARTICLE{gossip:Dimakis,
author   = {Dimakis, A.~G. and Kar, S. and Moura, J.~M.~F. and Rabbat, M.~G. and Scaglione, A.},
title    = "{Gossip Algorithms for Distributed Signal Processing}",
journal  = {Proceedings of the IEEE},
year     = {2010},
month    = {Nov.},
volume   = {98},
number   = {11},
pages    = {1847--1864},
doi={10.1109/JPROC.2010.2052531},
ISSN={0018-9219},
abstract = {Gossip algorithms are attractive for in-network processing in sensor networks because they do not require any specialized routing, there is no bottleneck or single point of failure, and they are robust to unreliable wireless network conditions. Recently, there has been a surge of activity in the computer science, control, signal processing, and information theory communities, developing faster and more robust gossip algorithms and deriving theoretical performance guarantees. This paper presents an overview of recent work in the area. We describe convergence rate results, which are related to the number of transmitted messages and thus the amount of energy consumed in the network for gossiping. We discuss issues related to gossiping over wireless links, including the effects of quantization and noise, and we illustrate the use of gossip algorithms for canonical signal processing tasks including distributed estimation, source localization, and compression.},
keywords={canonical signal processing tasks;computer science;convergence rate results;distributed estimation;distributed signal processing;gossip algorithms;in-network processing;information theory communities;source compression;source localization;wireless links;wireless sensor networks;signal processing;wireless sensor networks;},
}

@inproceedings{gossip:KempeImprov,
 author = {Kashyap, S. and Deb, S. and Naidu, K. V. M. and Rastogi, R. and Srinivasan, A.},
 title = "{Efficient Gossip-based Aggregate Computation}",
 booktitle = PODS,
 year = {2006},
 isbn = {1-59593-318-2},
 pages = {308--317},
 numpages = {10},
 url = {http://doi.acm.org/10.1145/1142351.1142395},
 doi = {10.1145/1142351.1142395},
 acmid = {1142395},
}


@book{book:Wright,
author = {Wright, S.~J.},
title = "{Primal-Dual Interior-Point Methods}",
publisher = {Society for Industrial and Applied Mathematics},
year = {1997},
doi = {10.1137/1.9781611971453},
edition   = {},
numpages = {297},
URL = {http://epubs.siam.org/doi/abs/10.1137/1.9781611971453},
eprint = {http://epubs.siam.org/doi/pdf/10.1137/1.9781611971453}
}

@book{book:BT89,
  author    = {D. P. Bertsekas and
               J. N. Tsitsiklis},
  title     = "{Parallel and Distributed Computation}",
  publisher = {Prentice Hall},
  year      = {1989},
  isbn      = {978-0-13-648759-3},
  pages     = {I-XIX, 1-715},
  bibsource = {DBLP, http://dblp.uni-trier.de}
}

@article{HKZ12,
	author = {D.~Hsu and S.~Kakade and T.~Zhang},
	title = "{Tail Inequalities for Sums of Random Matrices that Depend on the Intrinsic Dimension}",
	journal = {Electron. Commun. Probab.},
	fjournal = {Electronic Communications in Probability},
	volume = {17},
	year = {2012},
	keywords = {},
	abstract = {This work provides exponential tail inequalities for sums of random matrices that depend only on intrinsic dimensions rather than explicit matrix dimensions.  These tail inequalities are similar to the matrix versions of the Chernoff bound and Bernstein inequality except with the explicit matrix dimensions replaced by a trace quantity that can be small even when the explicit dimensions are large or infinite.  Some applications to covariance estimation and approximate matrix multiplication are given to illustrate the utility of the new bounds.},
	pages = {no. 14, 1-13},
	issn = {1083-589X},
	doi = {10.1214/ECP.v17-1869},
    url = {http://ecp.ejpecp.org/article/view/1869}
}



@BOOK {book:Fellerv1,
        AUTHOR    = {W. Feller},
        TITLE     = "{An Introduction to Probability Theory and Its Applications, Vol. 1}",
        EDITION   = {first},
        PUBLISHER = {Wiley},
        YEAR      = {1966}
}

@BOOK {book:Fellerv2,
    AUTHOR       = {W. Feller},
    TITLE        = "{An Introduction to Probability Theory, Vol. 2}",
    EDITION      = {third},
    PUBLISHER    = {Wiley},
    YEAR         = {1968}
}


@book{book:Mahoney,
 author = {Mahoney, M. W.},
 title = "{Randomized Algorithms for Matrices and Data}",
 year = {2011},
 isbn = {9781601985064},
 publisher = {Now Publishers Inc.},
}


@article {EckYoung,
   author = {Eckart, C. and Young, G.},
   title = "{The Approximation of one Matrix by another of Lower Rank}",
   journal = {Psychometrika},
   publisher = {Springer New York},
   issn = {0033-3123},
   keyword = {Behavioral Science},
   pages = {211-218},
   volume = {1},
   issue = {3},
   url = {http://dx.doi.org/10.1007/BF02288367},
   year = {1936}
}


@article{LS:Nesterov,
author = {Nesterov, Y.},
title = "{Efficiency of Coordinate Descent Methods on Huge-Scale Optimization Problems}",
journal = {SIAM Journal on Optimization},
volume = {22},
number = {2},
pages = {341-362},
year = {2012},
doi = {10.1137/100802001},
URL = {http://epubs.siam.org/doi/abs/10.1137/100802001},
eprint = {http://epubs.siam.org/doi/pdf/10.1137/100802001}
}


@article{LSQR,
 author = {Paige, C. C. and Saunders, M. A.},
 title = "{LSQR: An Algorithm for Sparse Linear Equations and Sparse Least Squares}",
 journal = {ACM Trans. Math. Softw.},
 issue_date = {March 1982},
 volume = {8},
 number = {1},
 month = mar,
 year = {1982},
 issn = {0098-3500},
 pages = {43--71},
 numpages = {29},
 url = {http://doi.acm.org/10.1145/355984.355989},
 doi = {10.1145/355984.355989},
 acmid = {355989},
}




@article{DISJ,
author = {Bar-Yossef, Z. and Jayram, T. S. and Kumar, R. and Sivakumar, D.},
title = "{An Information Statistics Approach to Data Stream and Communication Complexity}",
journal = {J. Comput. Syst. Sci.},
volume = {68},
number = {4},
year = {2004},
pages = {702--732},
}



@MISC{REK,
  author = {A. Zouzias and N. M. Freris},
  title = "{Randomized Extended Kaczmarz for Solving Least-Squares}",
  howpublished = {Available at~\href{http://arxiv.org/abs/1205.5770}{arxiv:1205.5770}},
  month = {September},
  year = {2012},
  archiveprefix = {arXiv},
  eprint = {1205.5770}
}


@MISC{approxCCA,
  author = {H. Avron and C. Boutsidis and S. Toledo and A. Zouzias},
  title = "{Efficient Dimensionality Reduction for Canonical Correlation Analysis}",
  howpublished = {To appear at ICML 2013. Available at~\href{http://arxiv.org/abs/1209.2185}{arxiv:1209.2185}},
  month = {September},
  year = {2012},
  archiveprefix = {arXiv},
  eprint = {1209.2185}
}


@inproceedings{ICALP12,
   author = {Zouzias, A.},
   title = "{A Matrix Hyperbolic Cosine Algorithm and Applications}",
   booktitle = ICALP,
   isbn = {978-3-642-31593-0},
   pages = {846-858},
   url = {http://dx.doi.org/10.1007/978-3-642-31594-7_71},
   doi = {10.1007/978-3-642-31594-7_71},
   year = {2012}
}


@inproceedings{graph:sparse:Harvey,
 author = {Fung, W. S. and Hariharan, R. and Harvey, N.~J.~A. and Panigrahi, D.},
 title = "{A General Framework for Graph Sparsification}",
 booktitle = STOC,
 year = {2011},
 isbn = {978-1-4503-0691-1},
 pages = {71--80},
 numpages = {10},
 url = {http://doi.acm.org/10.1145/1993636.1993647},
 doi = {10.1145/1993636.1993647},
 acmid = {1993647},
 keywords = {edge connectivity, graph sparsification, sampling},
} 

@article{primes:Rabin,
author = "M. O Rabin",
title = "{Probabilistic Algorithm for Testing Primality}",
journal = "Journal of Number Theory",
volume = "12",
number = "1",
pages = "128 - 138",
year = "1980",
note = "",
issn = "0022-314X",
doi = "10.1016/0022-314X(80)90084-0",
url = "http://www.sciencedirect.com/science/article/pii/0022314X80900840",
}


@article{regularity:FK,
  author    = {A. M. Frieze and
               R. Kannan},
  title     = "{A Simple Algorithm for Constructing Szemeredi's Regularity
               Partition}",
  journal   = {Electr. J. Comb.},
  volume    = {6},
  year      = {1999},
  ee        = {http://www.combinatorics.org/Volume_6/Abstracts/v6i1r17.html},
}


@article{matrixmult:strassen,
   author = {Strassen, V.},
   title = "{Gaussian Elimination is not Optimal}",
   journal = {Numerische Mathematik},
   issn = {0029-599X},
   keyword = {Mathematics and Statistics},
   pages = {354-356},
   volume = {13},
   issue = {4},
   url = {http://dx.doi.org/10.1007/BF02165411},
   note = {10.1007/BF02165411},
   year = {1969}
}


@inproceedings{matrixmult:CW,
 author = {Coppersmith, D. and Winograd, S.},
 title = "{Matrix Multiplication via Arithmetic Progressions}",
 booktitle = STOC,
 year = {1987},
 isbn = {0-89791-221-7},
 pages = {1--6},
 numpages = {6},
 url = {http://doi.acm.org/10.1145/28395.28396},
 doi = {10.1145/28395.28396},
} 


@inproceedings{matrixmult:group,
  author    = {H. Cohn and
               R. D. Kleinberg and
               B. Szegedy and
               C. Umans},
  title     = "{Group-theoretic Algorithms for Matrix Multiplication}",
  booktitle = FOCS,
  year      = {2005},
  pages     = {379-388},
  ee        = {http://doi.ieeecomputersociety.org/10.1109/SFCS.2005.39},
}


@inproceedings{matrixmult:virginia,
  author    = {V. Vassilevska Williams},
  title     = "{Multiplying Matrices Faster than Coppersmith-Winograd}",
  booktitle = STOC,
  year      = {2012},
  pages     = {887-898},
  ee        = {http://doi.acm.org/10.1145/2213977.2214056},
}


@inproceedings{ABS10,
 author = {Arora, S. and Barak, B. and Steurer, D.},
 title = "{Subexponential Algorithms for Unique Games and Related Problems}",
 booktitle = FOCS,
 year = {2010},
 isbn = {978-0-7695-4244-7},
 pages = {563--572},
 numpages = {10},
 url = {http://dx.doi.org/10.1109/FOCS.2010.59},
 doi = {10.1109/FOCS.2010.59},
 acmid = {1918331},
 keywords = {Approximation Algorithms, Unique Games, Subexponential Algorithms, Spectral Methods, Eigenvalues, Graph Decompositions, Constraint Satisfaction Problems},
}


@inproceedings{LAPACK,
 author = {Anderson, E. and Bai, Z. and Dongarra, J. and Greenbaum, A. and McKenney, A. and Du Croz, J. and Hammerling, S. and Demmel, J. and Bischof, C. and Sorensen, D.},
 title = "{LAPACK: a portable linear algebra library for high-performance computers}",
 booktitle = {Proceedings of the 1990 ACM/IEEE conference on Supercomputing},
 series = {Supercomputing '90},
 year = {1990},
 isbn = {0-89791-412-0},
 pages = {2--11},
 numpages = {10},
 url = {http://dl.acm.org/citation.cfm?id=110382.110385},
 acmid = {110385},
}


@inproceedings{CW09,
  author    = {K. L. Clarkson and
               D. P. Woodruff},
  title     = "{Numerical Linear Algebra in the Streaming Model}",
  booktitle = STOC,
  year      = {2009},
  pages     = {205-214},
  ee        = {http://doi.acm.org/10.1145/1536414.1536445},
}





@article{RT08,
  title={{A Fast Randomized Algorithm for Overdetermined Linear Least-squares Regression}},
  author={Rokhlin, V. and Tygert, M.},
  journal={Proceedings of the National Academy of Sciences},
  volume={105},
  number={36},
  pages={13212--13218},
  year={2008},
  publisher={National Acad Sciences}
}


@inproceedings{Nguyen09,
 author = {Nguyen, N. H. and Do, T. T. and Tran, T. D.},
 title = "{A Fast and Efficient Algorithm for Low-rank Approximation of a Matrix}",
 booktitle = STOC,
 year = {2009},
 isbn = {978-1-60558-506-2},
 pages = {215--224},
 numpages = {10},
 url = {http://doi.acm.org/10.1145/1536414.1536446},
 doi = {10.1145/1536414.1536446},
 acmid = {1536446},
}




@article {CDC12,
   author  = {N. M. Freris and A. Zouzias},
   title   = "{Fast Distributed Smoothing for Network Clock Synchronization}",
   journal = "{IEEE Conference on Decision and Control (CDC)}",
   pages   = {},
   year    = {2012}
}

@article{Boyd,
 author = {Boyd, S. and Ghosh, A. and Prabhakar, B. and Shah, D.},
 title = "{Randomized Gossip Algorithms}",
 journal = {IEEE/ACM Trans. Netw.},
 volume = {14},
 number = {SI},
 year = {2006},
 issn = {1063-6692},
 pages = {2508--2530},
 numpages = {23},
 url = {http://dx.doi.org/10.1109/TIT.2006.874516},
 doi = {10.1109/TIT.2006.874516},
 acmid = {1148679},
}


@inproceedings{petrosSODA06,
 author = {Drineas, P. and Mahoney, M. W. and Muthukrishnan, S.},
 title = "{Sampling Algorithms for $\ell_2$-regression and Applications}",
 booktitle = SODA,
 year = {2006},
 isbn = {0-89871-605-5},
 pages = {1127--1136},
 numpages = {10},
 url = {http://doi.acm.org/10.1145/1109557.1109682},
 doi = {10.1145/1109557.1109682},
 acmid = {1109682},
}


@article{cond:Demmel,
     title = "{The Probability that a Numerical Analysis Problem is Difficult}",
     author = {Demmel, J. W.},
     journal = {Mathematics of Computation},
     volume = {50},
     number = {182},
     pages = {pp. 449-480},
     url = {http://www.jstor.org/stable/2008617},
     ISSN = {00255718},
     year = {1988},
     publisher = {American Mathematical Society},
    }


@article{sampling:Walker,
 author = {Walker, A. J.},
 title = "{An Efficient Method for Generating Discrete Random Variables with General Distributions}",
 journal = {ACM Trans. Math. Softw.},
 volume = {3},
 number = {3},
 month = sep,
 year = {1977},
 issn = {0098-3500},
 pages = {253--256},
 url = {http://doi.acm.org/10.1145/355744.355749},
 doi = {10.1145/355744.355749},
 acmid = {355749},
 publisher = {ACM},
 } 


@book{book:knuthVol2,
    author = {Knuth, D.E.},
    edition = {3},
    howpublished = {Hardcover},
    isbn = {0201896842},
    month = {Nov.},
    priority = {0},
    publisher = {Addison-Wesley Professional},
    title = "{Art of Computer Programming, Volume 2: Seminumerical Algorithms}",
    year = {1997}
}


@article{random:Alias,
 author = {Vose, M. D.},
 title = "{A Linear Algorithm for Generating Random Numbers with a given Distribution}",
 journal = {IEEE Trans. Softw. Eng.},
 volume = {17},
 number = {9},
 month = sep,
 year = {1991},
 issn = {0098-5589},
 pages = {972--975},
 numpages = {4},
 url = {http://dx.doi.org/10.1109/32.92917},
 doi = {10.1109/32.92917},
 acmid = {126280},
 publisher = {IEEE Press},
}

@techreport{aliasMethod:C,
 author = {W. D. Smith},
 title = "{How to Sample from a Probability Distribution}",
 year = {2002},
 source = {},
 publisher = {NEC},
 address = {Princeton, NJ, USA},
}


@techreport{testMat:Higham,
 author = {Higham, N. J.},
 title = "{A Collection of Test Matrices in MATLAB}",
 year = {1989},
 source = {http://www.ncstrl.org:8900/ncstrl/servlet/search?formname=detail\&id=oai%3Ancstrlh%3Acornellcs%3ACORNELLCS%3ATR89-1025},
 publisher = {Cornell University},
 address = {Ithaca, NY, USA},
}



@book{book:templates,
  title= "{Templates for the Solution of Linear Systems: Building Blocks for Iterative Methods}",
  author={Barrett, R. and Berry, M. and Chan, T.~F. and Demmel, J. and Donato, J. and Dongarra, J. and Eijkhout, V. and Pozo, R. and Romine, C. and van der Vorst, H.},
  isbn={9780898713282},
  lccn={lc94127058},
  series={Software, Environments, Tools},
  url={http://books.google.ca/books?id=zMv8\_9W0a60C},
  year={1987},
  publisher= SIAM
}





@book{book:Gastinel,
  title = "{Lineare numerische Analysis}",
  author={Gastinel, N.},
  isbn={9783528082918},
  series={Logik und Grundlagen der Mathematik},
  year={1972},
  publisher={Vieweg}
}


@book{book:Bodewig,
  title = "{Matrix Calculus}",
  author = {Bodewig, E.},
  lccn={lc59003416},
  year={1959},
  publisher={North-Holland Pub. Co.}
}

@article{K:Tanabe,
year={1971},
issn={0029-599X},
journal={Numerische Mathematik},
volume={17},
issue={3},
doi={10.1007/BF01436376},
title = "{Projection Method for Solving a Singular System of Linear Equations and its Applications}",
url={http://dx.doi.org/10.1007/BF01436376},
publisher={Springer-Verlag},
author={Tanabe, K.},
pages={203-214},
}








@article{K:apps,
author = {Censor, Y.},
title = "{Row-Action Methods for Huge and Sparse Systems and Their Applications}",
journal = {SIAM Review},
volume = {23},
number = {4},
pages = {444-466},
year = {1981},
doi = {10.1137/1023097},
URL = {http://epubs.siam.org/doi/abs/10.1137/1023097},
eprint = {http://epubs.siam.org/doi/pdf/10.1137/1023097}
}







@article{K:rate:WM67,
author = {Whitney, T. and Meany, R.},
title = "{Two Algorithms related to the Method of Steepest Descent}",
journal = {SIAM Journal on Numerical Analysis},
volume = {4},
number = {1},
pages = {109-118},
year = {1967},
doi = {10.1137/0704010},
URL = {http://epubs.siam.org/doi/abs/10.1137/0704010},
eprint = {http://epubs.siam.org/doi/pdf/10.1137/0704010}
}




@book{book:Galantai,
  title={Projectors and Projection Methods},
  author={Gal{\'a}ntai, A.},
  isbn={9781402075728},
  lccn={03063520},
  series={Advances in Mathematics},
  url={http://books.google.ca/books?id=n1ZpS0aTtjwC},
  year={2003},
  publisher={Springer}
}

@inproceedings{K:apps:CFM92,
author = {Feichtinger, H.~G. and Cenker, C. and Mayer, M. and Steier, H. and Strohmer, T.},
title = "{New Variants of the POCS Method using Affine Subspaces of Finite Codimension with Applications to Irregular Sampling}",
volume = {1818},
booktitle = {Visual Communications and Image Processing},
pages = {299-310},
year = {1992},
doi = {10.1117/12.131447},
URL = {http://dx.doi.org/10.1117/12.131447},
eprint = {}
}



@book{book:K:apps:H80,
  author = {Herman, G. T.},
  year = {1980},
  title = "{I}mage {R}econstruction from {P}rojections {T}he {F}undamentals of {C}omputerized {T}omography",
  booktitle = "{I}mage {R}econstruction from {P}rojections. {T}he {F}undamentals of {C}omputerized {T}omography.",
  publisher = "{C}omputer {S}cience and {A}pplied {M}athematics. {N}ew {Y}ork etc.: {A}cademic {P}ress ({A} {S}ubsidiary of {H}arcourt {B}race {J}ovanovich, {P}ublishers). {X}{I}{V} ",
}


@book{book:K:apps:Nat01,
 author = {Natterer, F.},
 title = "{The Mathematics of Computerized Tomography}",
 year = {2001},
 isbn = {0-89871-493-1},
 publisher = SIAM,
} 




# RATE of CONVERGNCE for KACZMARZ


@article{K:rate:MC77,
year={1975},
issn={0029-599X},
journal={Numerische Mathematik},
volume={23},
issue={5},
doi={10.1007/BF01437037},
title = "{An Iterative Procedure for the Solution of Constrained Nonlinear Equations with Application to Optimization Problems}",
url={http://dx.doi.org/10.1007/BF01437037},
publisher={Springer-Verlag},
author={McCormick, S.~F.},
pages={371-385},
language={English}
}


@Article{K:rate:Ansorge,
  author =       "R. Ansorge",
  title =        "{Connections between the {Cimmino}-method and the {Kaczmarz}-method for the Solution of Singular and Regular Systems of Equations}",
  journal =      "Computing",
  volume =       "33",
  number =       "3--4",
  pages =        "367--375",
  month =        sep,
  year =         "1984",
  CODEN =        "CMPTA2",
  ISSN =         "0010-485X (print), 1436-5057 (electronic)",
  ISSN-L =       "0010-485X",
  bibsource =    "Compendex database;
                 http://springerlink.metapress.com/openurl.asp?genre=journal&issn=0010-485X;
                 http://www.math.utah.edu/pub/tex/bib/computing.bib;
                 MathSciNet database",
  affiliation =  "Univ Hamburg, Inst f{\"u}r Angewandte Mathematik,
                 Hamburg, West Germany",
  classification = "921",
  fjournal =     "Computing",
  journalabr =   "Computing (Vienna/New York)",
}


@article{ART,
title = "{Algebraic Reconstruction Techniques (ART) for three-dimensional electron microscopy and X-ray photography}",
journal = {Journal of Theoretical Biology},
volume = "29",
number = "3",
pages = "471 - 481",
year = "1970",
note = "",
issn = "0022-5193",
doi = "10.1016/0022-5193(70)90109-8",
url = "http://www.sciencedirect.com/science/article/pii/0022519370901098",
author = {R. Gordon and R. Bender and G. T. Herman}
}


@book{book:Zenios,
  title="{Parallel Optimization: Theory, Algorithms, and Applications}",
  author={Censor, Y. and Zenios, S.~A.},
  isbn={9780195100624},
  lccn={96046988},
  series={Numerical Mathematics and Scientific Computation Series},
  year={1997},
  publisher={Oxford University Press}
}


@article{RK:FG94,
  title= "{Theory and practice of irregular sampling}",
  author={Feichtinger, H.~G. and Gr{\"o}chenig, K.},
  journal={Wavelets: mathematics and applications},
  pages={305--363},
  year={1994}
}


@article{RK:HM93,
    author = {Herman, G.~T. and Meyer, L.~B.},
    journal = {IEEE Transactions on Medical Imaging},
    number = {3},
    pages = {600--609},
    posted-at = {2010-10-14 22:19:16},
    priority = {2},
    title = "{Algebraic Reconstruction Techniques Can Be Made Computationally Efficient}",
    volume = {12},
    year = {1993}
}



@article {K:relax:CEG83,
   author = {Censor, Y. and Eggermont, P. and Gordon, D.},
   title = "{Strong Underrelaxation in {K}aczmarz's Method for Inconsistent Systems}",
   journal = {Numerische Mathematik},
   pages = {83-92},
   volume = {41},
   issue = {1},
   year = {1983}
}


@article{K:relax:HLL78,
 author = {Herman, G. T. and Lent, A. and Lutz, P.~H.},
 title = "{Relaxation methods for image reconstruction}",
 journal = {Commun. ACM},
 volume = {21},
 number = {2},
 month = feb,
 year = {1978},
 issn = {0001-0782},
 pages = {152--158},
 numpages = {7},
 url = {http://doi.acm.org/10.1145/359340.359351},
 doi = {10.1145/359340.359351},
 acmid = {359351},
 publisher = {ACM},
 keywords = {X-ray tomography, biomedical image processing, image reconstruction, linear inequalities, mathematical programming, relaxation techniques},
} 


@article{K:relax:Hanke90,
title = "{On the Acceleration of Kaczmarz's Method for Inconsistent Linear Systems}",
journal = {Linear Algebra and its Applications},
volume = "130",
number = "0",
pages = "83 - 98",
year = "1990",
note = "",
issn = "0024-3795",
doi = "10.1016/0024-3795(90)90207-S",
author = {M. Hanke and Wilhelm N.}
}



@inproceedings{K:tompk,
 author = {C. Tompkins},
 title = "{Projection Methods in Calculation}",
 booktitle = {Proc. 2nd Symposium of Linear Programming},
 year = {1955},
 pages = {425--448},
 address = {Washington, DC},
}


@PHDTHESIS{phdthesis:K:error,
  author = {P. A. Knight},
  title = {{Error Analysis of Stationary Iteration and Associated Problems}},
  school = {Manchester University},
  year = {1993},
  type = {{{PhD} in Mathematics}}
}


@String{inst-U-Manchester = "University of Manchester"}
@String{inst-U-Manchester:adr = "Manchester, England"}

@PhdThesis{phdthesis:K:Knight,
  author =       "Philip A. Knight",
  title =        "Error Analysis of Stationary Iteration and Associated
                 Problems",
  school =       inst-U-Manchester,
  address =      inst-U-Manchester:adr,
  pages =        "135",
  month =        sep,
  year =         "1993",
}


@Book{book:Higham,
  author =       "Nicholas J. Higham",
  title =        "Accuracy and Stability of Numerical Algorithms",
  publisher =    "Society for Industrial and Applied Mathematics",
  address =      "Philadelphia, PA, USA",
  edition =      "First",
  year =         "1996",
  pages =        "xxx+680",
  ISBN =         "0-89871-366-2"
}

@MISC{lsrn,
  author = {X. Meng and M. A. Saunders and M. W. Mahoney},
  title = {{LSRN: A Parallel Iterative Solver for Strongly Over- and Under-Determined Systems}},
  howpublished = {Available at~http://arxiv.org/abs/1109.5981},
  month = {Sept},
  year = {2011},
  archiveprefix = {arXiv},
  eprint = {1109.5981}
}


@ARTICLE{PS82,
  author = {Paige, C.~C. and Saunders, M.~A.},
  title = "{LSQR: An algorithm for sparse linear equations and sparse least squares}",
  journal = {ACM Transactions on Mathematical Software (TOMS)},
  year = {1982},
  volume = {8},
  pages = {43--71},
  number = {1},
  publisher = {ACM}
}


@MISC{K:error,
  author = {P. A. Knight},
  title = "{A Rounding Error Analysis of Row-Action Methods}",
  howpublished = {Unpublished manuscript},
  month = {May},
  year = {1996},
}

@article{Chebyshev,
year={1961},
issn={0029-599X},
journal={Numerische Mathematik},
volume={3},
issue={1},
doi={10.1007/BF01386014},
title= "{Chebyshev Semi-iterative Methods, Successive Overrelaxation Iterative Methods, and Second order Richardson Iterative Methods}",
url={http://dx.doi.org/10.1007/BF01386014},
publisher={Springer-Verlag},
author={Golub, G.~H. and Varga, R.~S.},
pages={157--168},
}



@book{book:Saad,
  title = {{Iterative Methods for Sparse Linear Systems}},
  publisher = SIAM,
  year = {2003},
  author = {Saad, Y.},
  edition = {Second},
  isbn = {0898715342},
}




@article{KW92,
author = {Kuczynski, J. and Wozniakowski, H.},
title = "{Estimating the Largest Eigenvalue by the Power and Lanczos Algorithms with a Random Start}",
journal = {SIAM Journal on Matrix Analysis and Applications},
volume = {13},
number = {4},
pages = {1094-1122},
year = {1992},
doi = {10.1137/0613066},
URL = {http://epubs.siam.org/doi/abs/10.1137/0613066},
eprint = {http://epubs.siam.org/doi/pdf/10.1137/0613066}
}


@MISC{minsker,
  author = {S. Minsker},
  title = {{On Some Extensions of Bernstein's Inequality for Self-adjoint Operators}},
  howpublished = {Available at~\href{http://arxiv.org/abs/1112.5448}{arXiv:1112.5448}},
  month = {December},
  year = {2011},
  archiveprefix = {arXiv},
  eprint = {1112.5448}
}



@inproceedings{MM:focs,
  author    = {P. Drineas and
               R. Kannan},
  title     = "{Fast Monte-Carlo Algorithms for Approximate Matrix Multiplication}",
  booktitle = FOCS,
  year      = {2001},
  pages     = {452-459},
  ee        = {http://doi.ieeecomputersociety.org/10.1109/SFCS.2001.959921},
  bibsource = {DBLP, http://dblp.uni-trier.de}
}


@MISC{MP12,
  author = {G. L. Miller and  R. Peng},
  title = {{Iterative Approaches to Row Sampling}},
  howpublished = {Available at~\href{http://arxiv.org/abs/1211.2713}{arXiv:1211.2713}},
  month = {November},
  year = {2012},
  archiveprefix = {arXiv},
  eprint = {1211.2713}
}




@MISC{OSNAP,
  author = {J. Nelson and H. L. Nguyen},
  title = {{OSNAP: Faster numerical linear algebra algorithms via sparser subspace embeddings}},
  howpublished = {Available at~\href{http://arxiv.org/abs/1211.1002}{arXiv:1211.1002}},
  month = {November},
  year = {2012},
  archiveprefix = {arXiv},
  eprint = {1211.1002}
}

@MISC{Tropp:nips,
  author = {J.~A.~Tropp},
  title = {{User-Friendly Tools for Random Matrices: An Introduction}},
  howpublished = {Available at~\href{http://users.cms.caltech.edu/~jtropp/notes/Tro12-User-Friendly-Tools-NIPS.pdf}{http://users.cms.caltech.edu/~jtropp/notes/Tro12-User-Friendly-Tools-NIPS.pdf}},
  month = {December},
  year = {2012},
}


@article{talagrand,
author = {M. Ledoux},
title = "{On Talagrand's Deviation Inequalities for Product Measures}",
journal = {ESAIM: Probability and Statistics},
volume = {1},
issn = {1262-3318},
pages = {63--87},
numpages = {25},
year     = {1996},
doi = {10.1051/ps:1997103},
URL = {http://dx.doi.org/10.1051/ps:1997103},
eprint = {http://www.esaim-ps.org/article_S1292810097001031},
}

@book{book:Ledoux,
  title= "{The Concentration of Measure Phenomenon}",
  author={Ledoux, M.},
  isbn={9780821837924},
  series={Mathematical Surveys and Monographs},
  url={http://books.google.ca/books?id=mCX\_cWL6rqwC},
  year={2001},
  publisher={American Mathematical Society}
}


@inproceedings{mm:Cohen,
 author = {Cohen, E. and Lewis, D. D.},
 title = "{Approximating Matrix Multiplication for Pattern Recognition Tasks}",
 booktitle = SODA,
 year = {1997},
 isbn = {0-89871-390-0},
 pages = {682--691},
 numpages = {10},
 url = {http://dl.acm.org/citation.cfm?id=314161.314415},
 acmid = {314415},
 publisher = SIAM,
}


@article{Oliv10,
	author = {R. Oliveira},
	title = "{Sums of random Hermitian matrices and an inequality by Rudelson}",
	journal = {Electron. Commun. Probab.},
	fjournal = {Electronic Communications in Probability},
	volume = {15},
	year = {2010},
	keywords = {Random Hermitian matrices; concentration inequalities; Khintchine inequalities.},
	pages = {no. 19, 203-212},
	issn = {1083-589X},
	doi = {10.1214/ECP.v15-1544},    
    url = {http://ecp.ejpecp.org/article/view/1544}
}



@inproceedings{FKV98,
  author    = {A. M. Frieze and
               R. Kannan and
               S. Vempala},
  title     = "{Fast Monte-Carlo Algorithms for Finding Low-Rank Approximations}",
  booktitle = FOCS,
  year      = {1998},
  pages     = {370-378},
  ee        = {http://doi.ieeecomputersociety.org/10.1109/SFCS.1998.743487},
  bibsource = {DBLP, http://dblp.uni-trier.de}
}

@inproceedings{LSI,
  author    = {C. H. Papadimitriou and
               P. Raghavan and
               H. Tamaki and
               S. Vempala},
  title     = "{Latent Semantic Indexing: A Probabilistic Analysis}",
  booktitle = {PODS},
  year      = {1998},
  pages     = {159-168},
  ee        = {http://doi.acm.org/10.1145/275487.275505},
  bibsource = {DBLP, http://dblp.uni-trier.de}
}


